3034 4984
801 354 821 416 4

294 519 417 598 Quibus
440 542 482 588 ex
497 523 604 589 verbis
620 522 817 606 intellegitur
833 521 1025 606 Dionysium
1040 543 1104 588 non
1119 542 1217 588 unum
1234 528 1394 588 oratorem

228 621 302 689 aliis
329 625 486 708 neglectis
514 625 714 710 sequendum
743 645 816 692 csse
838 625 1036 710 praecipere,
1066 623 1124 691 sed
1153 624 1188 689 id
1217 623 1394 707 esingulis

228 727 419 793 sumendum
445 750 517 796 esse
540 737 694 813 statuere,
718 749 780 812 quo
804 728 939 811 quisque
962 727 1077 794 ceteris
1100 733 1254 815 praestet.
1299 725 1394 804 Quod

228 828 272 893 ad
299 831 448 918 Dionysii
473 833 576 918 ipsius
599 833 813 899 clucuticncm
836 831 1079 896 diiudicandam
1109 852 1172 897 non
1200 832 1293 915 parvi
1321 849 1393 896 csse

227 935 380 1000 momenti
402 934 486 1001 inira
509 936 699 1002 videbimus.

292 1056 484 1142 Dionysium
518 1063 627 1123 autem
662 1079 726 1147 uon
759 1057 855 1123 modo
884 1055 957 1123 aliis
985 1057 1207 1141 praescribere
1242 1055 1391 1139 voluisse,

227 1179 291 1241 quo
315 1160 410 1226 modo
434 1161 585 1245 antiquos
608 1161 771 1227 intuentes
794 1180 886 1226 suam
910 1166 1104 1226 exornarent
1126 1159 1309 1242 dictionem,
1334 1158 1392 1224 sed

226 1262 333 1347 ipsum
361 1284 488 1348 quoque
517 1285 558 1330 ex
587 1264 714 1349 studiis,
749 1284 833 1348 quae
861 1264 970 1349 posuit
996 1264 1030 1328 iu
1058 1264 1238 1329 oratoribus
1266 1263 1392 1347 Atticis,

226 1366 364 1433 fructum
388 1369 514 1453 cepisse
537 1368 581 1434 ad
604 1389 685 1454 opus
705 1389 798 1435 suum
815 1366 1090 1451 conscribendum,
1114 1386 1176 1450 quo
1200 1366 1341 1449 origines
1361 1371 1394 1430 et

227 1475 373 1556 tempora
403 1472 628 1555 antiquissima
650 1472 738 1538 urbis
761 1473 884 1537 Romae
906 1471 1081 1556 populique
1103 1470 1240 1535 Romani
1263 1475 1392 1552 tractat,

227 1574 295 1638 veri
318 1574 421 1640 simile
444 1582 503 1643 est.
1251 1582 1254 1587 ’

292 1694 363 1773 Quo
392 1697 425 1761 in
453 1716 550 1781 opere
580 1716 651 1762 cum
681 1702 749 1762 tota
773 1695 911 1762 elocutio
934 1695 1075 1762 flosculis
1098 1715 1139 1760 ex
1162 1693 1394 1760 vetustioribus

227 1798 389 1884 decerptis
423 1806 582 1866 exornata
610 1806 669 1883 est,
705 1799 791 1883 quod
826 1800 910 1864 inter
943 1800 1028 1865 viros
1062 1798 1174 1865 doctos
1203 1796 1394 1862 iamdudum

227 1906 398 1987 constat1),
416 1910 483 1969 tum
495 1904 528 1968 in
541 1904 749 1988 orationibus,
767 1923 848 1986 quas
860 1904 997 1987 scriptor
1009 1902 1236 1987 Thucydidem
1248 1901 1393 1984 aliosque

225 2002 370 2073 imita‘tus
401 2008 486 2073 omni
516 2008 684 2074 occasione
715 2006 794 2072 data
825 2007 913 2092 operi
944 2027 1001 2072 suo
1031 2006 1180 2090 inseruit,
1216 2005 1318 2069 multa
1347 2004 1393 2069 in-

227 2110 406 2194 veniuntur,
431 2131 515 2194 quae
537 2111 741 2194 antiquorum
764 2110 894 2176 lectioni
918 2109 1087 2176 debentur.

290 2232 340 2299 Ne
367 2231 429 2298 hoc
461 2232 590 2316 quidem
622 2233 708 2299 viros
737 2231 849 2298 doctos
883 2231 1036 2314 effugisse
1070 2229 1145 2296 inde
1179 2231 1392 2315 cognoscitur,

226 2337 311 2419 quod
346 2336 411 2401 iam
444 2337 642 2402 Henricus
675 2335 900 2421 Stephanus
934 2333 1107 2401 dictionem
1141 2333 1287 2418 Dionysii
1310 2353 1393 2398 cum

226 2439 444 2525 Thucydiden
467 2442 600 2506 contulit
608 2439 644 2528 2).

290 2561 417 2628 Deinde
450 2562 624 2628 Cobetus
658 2562 691 2626 in
724 2560 1015 2629 Observationibus
1049 2559 1167 2626 criticis
1176 2562 1202 2640 3)
1236 2564 1392 2641 quantum

226 2664 386 2731 valuerint
398 2665 508 2732 studia
520 2665 669 2751 Dionysii
680 2665 841 2732 rhetorica
857 2664 901 2729 ad
913 2663 1116 2729 formandam
1133 2663 1203 2728 eius
1219 2661 1391 2727 dictionem

225 2769 376 2835 ostendit,
412 2770 521 2853 Legas
537 2768 623 2853 quod
642 2768 721 2835 dicit
736 2789 811 2853 pag.
829 2769 863 2832 6:
883 2766 1052 2855 ,Conflata
1067 2773 1117 2834 est
1132 2766 1230 2848 igitur
1243 2765 1392 2850 Dionysii

227 2870 324 2938 dictio
348 2893 389 2938 ex
412 2873 532 2959 optimo
556 2891 683 2958 quoque
707 2872 863 2956 scriptore
887 2872 994 2937 Attico
1018 2870 1077 2916 -“

289 3000 322 3058 et
355 3014 431 3078 pag.
460 2994 516 3060 25:
548 2994 693 3078 „Passim
721 2993 899 3078 Dionysius
932 2990 1036 3057 Halic.
1069 2990 1148 3055 locis
1177 2987 1390 3073 Thucydidis,

225 3096 392 3182 Herodoti,
409 3097 572 3180 Isocratis,
596 3095 835 3180 Demosthenis,
859 3096 1016 3177 Platonis,
1040 3090 1276 3177 Xenophontis,
1300 3093 1391 3158 Euri·

225 3199 311 3283 pidis
334 3207 367 3266 et
382 3200 517 3268 aliorum
541 3207 696 3283 tanquam
711 3197 853 3266 flosculis
875 3205 933 3265 aut
954 3197 1090 3282 gemmis
1105 3196 1282 3263 orationem
1298 3216 1390 3262 suam

225 3302 402 3369 distinxit.“

287 3415 435 3483 Necnon
451 3417 665 3502 Iacobyus,
686 3417 735 3482 vir
752 3416 793 3482 de
810 3415 966 3500 Dionysio
982 3414 1085 3480 Halic.
1102 3413 1232 3496 egregie
1247 3411 1391 3498 meritus,

226 3519 406 3603 complures
434 3540 476 3584 ex
498 3519 755 3603 Antiquitatibus
778 3521 931 3585 Romanis
958 3516 1046 3584 locos
1075 3516 1205 3601 collegit
1213 3518 1249 3601 4),
1274 3515 1391 3597 quibus

225 3623 418 3708 Dionysium
447 3624 633 3708 Isocratem,
665 3623 874 3707 Herodotum,
904 3620 1164 3704 Demosthenem,
1193 3616 1390 3703 Euripidem,

225 3725 393 3792 Horatium
420 3733 496 3792 ante
525 3728 635 3794 oculos
662 3727 815 3793 habuisse
843 3724 1016 3792 verisimile
1045 3726 1095 3808 sit,
1124 3740 1318 3807 quamquam
1349 3721 1390 3788 dc

225 3829 359 3896 Horatio
381 3829 549 3915 paululum
572 3830 739 3896 addubito.

294 4077 315 4144 ¹)
333 4075 366 4129 cf.
381 4074 464 4129 Wilh.
478 4075 595 4141 Schmid,
610 4074 658 4128 der
670 4073 830 4127 Atticisrnus
844 4071 870 4124 iu
883 4073 973 4124 scineu
987 4072 1225 4144 Hauptvertretern
1239 4072 1258 4134 l,
1272 4089 1332 4143 pag.
1348 4077 1390 4132 23.

291 4181 314 4249 ¹)
334 4180 439 4234 Iuvenis
458 4180 523 4234 haec
542 4180 568 4233 in
588 4179 728 4253 Popponis
747 4176 863 4230 editione
881 4175 1047 4247 Thucydidis
1067 4177 1080 4230 1
1102 4182 1123 4239 l,
1142 4180 1202 4234 356.

292 4286 314 4354 ⁸)
334 4283 544 4339 Observationes
558 4284 665 4339 criticae
682 4291 710 4337 et
721 4280 960 4354 palaeographicae
980 4281 1013 4335 ad
1026 4282 1106 4337 Dion.
1118 4281 1179 4336 Hal.
1205 4281 1389 4353 antiqnitates

224 4372 368 4425 Romanas.
405 4371 528 4445 Lugduni
548 4372 710 4427 Batavorum
734 4373 807 4429 1877.

291 4478 314 4547 ⁴)
334 4478 361 4530 in
379 4478 529 4531 Annalibus
548 4476 718 4550 philologieis
737 4479 797 4539 127,
816 4493 876 4547 pag.
895 4478 954 4533 841.
