3034 4984
791 325 811 390 6

220 504 308 564 certa
341 497 436 564 huius
470 497 517 564 rei
551 499 584 563 in
616 496 758 564 medium
792 497 935 582 prolerre
969 496 1119 582 exempla
1152 516 1245 563 nemo
1279 495 1388 562 adhuc
1428 576 1433 586 .

221 603 360 667 tentavit
368 604 403 685 ¹),
427 601 490 668 nisi
513 600 601 684 quod
623 601 785 687 Iacobyus
809 620 907 666 unum
929 599 1038 666 attulit
1060 599 1165 666 locum
1188 599 1223 686 ll.
1247 605 1299 682 a).

284 705 371 772 Sane
399 703 567 770 fatendum
599 710 649 772 est
682 710 748 769 tem
776 704 884 769 multis
918 702 997 769 locis
1033 723 1130 787 quam
1159 703 1388 770 Demosthenis

220 808 373 875 Isocratis
401 827 574 874 memorem
603 807 795 892 Dionysium
823 827 888 872 non
916 805 1027 890 fuisse,
1055 805 1089 870 id
1118 806 1203 891 quod
1230 805 1327 873 facile
1350 826 1388 872 eo

220 910 377 996 explicari
401 916 518 996 potest,
542 909 628 993 quod
642 929 745 994 genus
762 908 891 976 dicendi
914 909 1001 992 quod
1022 916 1158 975 vocatur
1181 909 1388 992 ἐπιδεικτικόν,

220 1035 282 1098 quo
297 1015 459 1083 Isocrates
475 1033 616 1080 maxume
632 1014 778 1098 florebat,
801 1013 845 1078 ad
861 1014 1027 1080 ocutiones
1047 1019 1080 1078 et
1094 1033 1212 1079 causas
1233 1012 1388 1096 forenses,

220 1138 304 1203 quae
327 1119 360 1183 in
383 1118 640 1201 Antiquitatibus
662 1118 816 1184 Romanis
845 1123 1026 1201 narrantur,
1055 1116 1161 1183 minus
1183 1122 1294 1201 aptum
1319 1122 1389 1182 erat

220 1243 317 1307 quam
339 1221 568 1311 Demosthenis
591 1220 675 1303 λόγοι
699 1222 847 1285 δικανικοί
868 1227 902 1286 ct
924 1219 1188 1305 ουμβουλευτικοί.

285 1325 412 1395 Tamen
435 1325 516 1392 satis
539 1324 631 1391 multi
654 1330 787 1393 exstant
808 1323 880 1405 loci,
904 1324 1022 1407 quibus
1038 1324 1214 1390 Isocratem
1231 1322 1388 1408 Dionysio

222 1435 299 1495 ante
315 1429 425 1497 oculos
441 1436 605 1497 versatum
627 1449 700 1495 esse
715 1449 774 1513 pro
790 1433 877 1494 certo
901 1426 1115 1492 demonstrari
1130 1433 1251 1511 potest3
1275 1425 1334 1494 sed
1350 1445 1390 1492 ne

221 1533 244 1597 ii
260 1531 392 1616 quidem
407 1531 638 1618 praetereundi
654 1537 738 1615 suut,
756 1531 874 1615 quibus
889 1532 1066 1597 Isocratem
1079 1551 1121 1595 an
1138 1530 1390 1596 Demosthenem

221 1636 398 1720 Dionysius
433 1642 563 1702 secutus
597 1636 640 1700 sit
671 1635 858 1717 ambiguum
893 1640 957 1716 est3
997 1654 1071 1699 nam
1106 1654 1179 1700 cum
1213 1635 1246 1699 in
1279 1654 1389 1700 eorum

221 1739 422 1824 scriptorum,
447 1739 502 1821 qui
517 1737 690 1811 Atticistae
713 1743 880 1822 uocantur,
905 1737 999 1822 copia
1021 1744 1120 1821 atque
1144 1758 1203 1804 usu
1218 1738 1389 1804 verborum

223 1841 411 1925 indagando
440 1840 575 1907 multum
602 1841 702 1907 etiam
729 1848 781 1907 est
808 1840 1050 1925 proficiendum,
1085 1847 1152 1906 tum
1181 1842 1213 1907 in
1242 1842 1392 1926 Dionysii

222 1945 403 2012 elocutione
427 1944 528 2011 multa
544 1951 620 2011 suut
635 1943 854 2030 exploranda:
877 1945 964 2013 latus
988 1952 1080 2033 patet
1102 1965 1246 2030 campus,
1270 1965 1391 2030 magna

222 2051 331 2116 iacent
352 2048 475 2115 inculta
498 2047 617 2132 spatia.
804 2131 807 2137 .
1300 2053 1305 2061 '

285 2153 401 2236 ltaque
431 2171 564 2236 operam
592 2158 625 2217 et
652 2151 757 2218 oleum
780 2172 831 2218 me
859 2174 923 2219 non
945 2152 1082 2238 perdere
1111 2154 1288 2220 arbitratus
1315 2151 1392 2218 huic

224 2256 406 2340 quaestioni
428 2254 649 2323 absolvendae
679 2275 812 2340 operam
840 2255 931 2340 dedi3
958 2257 1023 2321 iam
1052 2257 1086 2321 in
1112 2255 1238 2324 medias
1260 2275 1392 2341 progre-

224 2360 351 2425 diamur
384 2380 436 2427 res
470 2364 503 2424 et
537 2359 662 2425 initium
698 2359 857 2426 iaciamus
890 2360 933 2425 ab
961 2360 1158 2426 ornamentis
1190 2358 1391 2441 elocutionis,

226 2483 244 2529 e
268 2463 384 2546 quibus
406 2463 509 2547 primo
532 2461 602 2528 loco
625 2462 747 2546 figuras
770 2465 991 2529 tractabimus.
1045 2480 1051 2493 ·

776 2805 838 2897 B.

685 2955 714 3024 1.
742 2956 930 3046 Figurae.

288 3077 430 3156 Quarum
447 3077 511 3144 duo
526 3097 599 3144 esse
610 3096 732 3160 genera
748 3078 873 3162 antiqui
889 3077 1033 3143 rhetores
1051 3080 1252 3141 statuerunt:
1269 3076 1391 3160 figuras

224 3181 456 3249 sententiarum
480 3183 639 3264 (σχήματα
663 3181 810 3262 διανοίας)
838 3186 872 3246 ct
893 3179 1014 3264 figuras
1039 3180 1209 3245 verborum
1231 3184 1391 3266 (σχήματα

225 3285 361 3368 λέξεως).
406 3285 485 3350 Illas
508 3284 550 3350 ab
567 3284 710 3349 Isocrate
731 3303 815 3367 raro,
838 3304 858 3349 a
881 3283 1096 3350 Demosthene
1118 3303 1277 3369 persaepe
1299 3284 1392 3350 adhi-

226 3388 312 3454 bitas
324 3389 357 3453 in
369 3389 591 3472 quaestionem
609 3386 776 3453 vocandas
792 3407 939 3460 essenon
952 3392 1040 3472 puto,
1057 3407 1128 3453 cum
1142 3386 1393 3456 aDemosthene

226 3512 283 3559 ees
311 3492 475 3559 delibasse
506 3492 695 3576 Dionysium
718 3490 899 3559 verosimile
926 3491 968 3557 sit
995 3510 1169 3575 omnesque
1195 3491 1271 3558 illae
1300 3512 1394 3576 prae·

228 3596 430 3680 munitiones,
460 3594 718 3681 praeteritiones,
746 3594 1026 3679 interrogationes,
1054 3595 1281 3680 subiectiones,
1308 3615 1393 3678 quae

227 3699 315 3784 apud
344 3699 536 3784 Dionysium
565 3703 704 3782 exstent,
739 3698 838 3763 etiam
871 3696 961 3781 apud
989 3698 1240 3765 Demosthenem
1272 3698 1394 3765 inveni-

226 3802 373 3888 antur2);
396 3801 437 3867 de
460 3803 510 3869 his
533 3822 609 3868 vero
632 3800 711 3885 quid
733 3799 927 3867 iudicaverit
949 3801 1125 3888 Dionysius
1148 3801 1329 3868 audiemus.

292 3923 429 4008 Scripsit
456 3923 554 4006 igitur
581 3921 614 3987 in
642 3921 752 3988 libello
781 3921 822 3986 de
851 3921 994 3987 Isocrate
1023 3942 1096 4007 cap.
1120 3921 1154 3987 2:
1188 3922 1224 3984 αἵ
1242 3945 1275 3984 τε
1298 3947 1392 4007 παρο-

227 4031 371 4110 μοιώσεις
394 4028 446 4090 καὶ
468 4028 653 4110 παρισώσεις
677 4027 728 4088 καὶ
750 4025 787 4086 τὰ
808 4025 948 4088 ἀντίθετα
971 4028 1022 4089 καὶ
1045 4031 1103 4095 πᾶς
1127 4027 1143 4088 ὁ
1167 4032 1225 4088 τῶν
1249 4028 1394 4091 τοιούτων

298 4268 319 4335 ²)
337 4266 370 4320 cf·
391 4266 528 4320 Schwartz
547 4264 803 4338 (Pauly-Wlswwa
821 4264 855 4329 V,
879 4267 941 4333 938)
960 4264 1074 4329 „Leider
1091 4265 1159 4318 fehlt
1176 4265 1245 4318 noch
1264 4265 1307 4320 die
1325 4267 1394 4320 Ver·-

227 4355 369 4427 glcichuug
386 4354 435 4407 mit
453 4354 618 4408 lsolrretes“.

298 4453 320 4521 ⁸)
339 4450 413 4504 Haec
432 4450 573 4522 diligenter
591 4459 672 4522 atque
690 4450 801 4522 copiose
820 4449 933 4503 collecta
951 4459 1014 4503 sunt
1032 4468 1048 4503 a
1065 4449 1177 4503 Flierlio
1197 4449 1213 4503 l.
1233 4468 1256 4503 e.
