3034 4984
814 314 886 428 τε

317 528 466 596 conferas
488 531 586 597 [socr.
603 532 649 596 VI
672 532 713 597 94
736 533 815 595 ὥστε
839 530 910 602 τοὺς
934 533 988 615 μὲν
1013 533 1088 616 ὑπὲρ
1112 536 1165 594 τοὺ
1190 537 1266 601 τοῖς
1290 531 1417 602 ἄλλοις

252 634 463 697 ἐπιτάττειν
487 633 607 697 ἐθέλειν
631 633 848 719 ἀποθνῄσκειν,
876 635 958 717 ἡμᾶς
987 635 1014 698 δ’
1038 636 1112 719 ὑπὲρ
1141 640 1194 698 τοὺ
1224 638 1269 719 μὴ
1298 639 1417 698 ποιεῖν

251 736 290 799 τὸ
314 736 598 821 κελευόμενονῙ)
622 739 663 824 μὴ
685 740 799 821 τολμᾶν
823 738 1063 804 διακινδυνεύειν.

314 858 410 924 Dion.
439 859 490 923 ΙΙΙ
518 858 539 923 9
573 858 638 923 οὐδ’
660 857 824 943 ἤρξαμεν
858 857 944 921 αὑτοὶ
978 859 1157 944 πρότεροι
1189 863 1241 922 τοὺ
1270 859 1418 943 πολέμου,

252 959 397 1044 ἄρξαντας
421 962 448 1024 δ’
469 963 708 1048 ἠμυνάμεθα,
738 963 802 1027 VII
825 963 866 1028 23
895 960 950 1025 οὐκ
979 961 1161 1047 ἄρχοντες
1191 963 1259 1026 ἀλλ’
1280 961 1418 1044 ἀμυνέ-

252 1087 372 1145 μεναι,
406 1066 486 1131 VIII
517 1065 556 1131 10
584 1063 619 1128 ἂν
648 1064 675 1128 δ’
704 1063 868 1149 ἄρξησθε
903 1064 1151 1148 ἀμυνούμεθα
1187 1104 1225 1112 -
1259 1065 1421 1131 invenitur

252 1166 350 1232 etiam
373 1167 461 1253 apud
1513 1180 1514 1185 ’

315 1289 414 1355 Ιοοοτ.
431 1288 511 1355 VIII
527 1291 568 1355 79
585 1290 620 1352 ού
636 1290 692 1373 γὰρ
710 1290 943 1374 ὑπάρχοντες
961 1289 1029 1351 ἀλλ’
1046 1289 1292 1372 ἀμυνόμενοι,
1317 1291 1366 1356 IX
1381 1291 1421 1356 28

252 1391 455 1474 ἀμύνεσθαι
471 1394 522 1456 καί
539 1395 580 1476 μὴ
597 1392 808 1477 προτέρους
830 1393 1030 1478 ὑπάρχειν,
1053 1393 1132 1458 XVI
1148 1394 1190 1459 44
1207 1394 1271 1457 οὐδ’
1289 1393 1421 1477 άμυνύ-

252 1516 366 1576 μενος
391 1496 658 1581 ἀλλ’ὑπάρχων.

316 1615 410 1681 Βίου.
434 1617 513 1682 XIV
535 1616 556 1681 9
580 1616 657 1704 (quo
678 1604 712 1682 ίυ
736 1618 844 1702 eapite
866 1617 931 1683 iam
954 1618 1020 1683 alia
1043 1617 1223 1684 invenimus
1238 1618 1418 1699 Ιοοαῐκίοο)

256 1717 280 1779 ῶ
304 1724 433 1800 γενναῖοι
456 1722 561 1790 παῖδες
586 1720 709 1803 ἀγαθῶν
734 1724 899 1805 ζηλωταί
922 1722 1092 1803 πατέρων
1114 1760 1158 1770 —

321 1839 353 1904 in
375 1841 562 1908 memoriam
585 1842 677 1908 nobis
700 1848 833 1909 revocat
853 1841 934 1908 illud
952 1843 1105 1909 Isocratis
1127 1843 1143 1907 I
1169 1843 1205 1907 ll
1232 1844 1365 1926 μιμητὴν
1388 1844 1422 1906 δὲ

253 1946 304 2005 καὶ
328 1946 496 2028 ζηλωτὴν
518 1949 572 2028 τῆς
595 1945 769 2030 πατρῴας
795 1949 906 2029 ἀρετῆς
929 1945 1113 2029 γιγνόμενον.

322 2064 413 2129 Dion.
438 2064 488 2129 III
511 2066 587 2131 9εί
689 2066 854 2129 παύσαιντο
872 2063 1025 2149 ιΡωμαῖοι
1049 2065 1082 2128 δι’
1109 2068 1272 2151 ὑποψίας
1295 2065 1422 2152 ἔχοντες

258 2165 415 2252 Αλβανοὺς
440 2171 486 2237 ῶς
510 2168 852 2253 ἐπιβουλεύοντας,
878 2169 987 2236 confer
1009 2190 1081 2237 cum

313 2287 412 2353 [socr.
428 2288 489 2352 XV
508 2289 568 2355 123
592 2290 670 2353 οὑτω
694 2291 721 2353 δ’
737 2292 907 2363 ἐσπούδαζε
923 2292 991 2375 περὶ
1008 2293 1040 2354 τὸ
1057 2290 1209 2376 μηδεμίαν
1225 2296 1290 2352 τῶν
1300 2289 1418 2354 πύλεων

251 2390 330 2473 μηδὲ
355 2391 462 2474 μικρὰν
486 2392 644 2476 ὑποψίαν
667 2396 735 2477 περὶ
759 2395 854 2464 αὑτοῦ
879 2395 982 2480 λαβεῖν
1012 2397 1057 2463 ῶς
1087 2393 1419 2479 ἐπιβουλεύοντος.
1513 2434 1514 2458 ι

312 2511 409 2577 Dion.
432 2513 483 2576 III
505 2513 525 2578 9
554 2514 581 2575 εἰ
603 2514 769 2577 παύσαιντο
798 2516 853 2596 μέν
873 2512 1018 2601 Ἀλβανοὶ
1042 2513 1229 2597 φθονοῦντες
1247 2509 1418 2594 Ῥωμαίοις

250 2614 300 2697 ἐφ’
322 2614 366 2683 οῖς
397 2614 520 2700 ἔχουσιν
550 2617 696 2698 ἀγαθοῖς,
732 2618 796 2680 ούκ
830 2617 918 2681 ἄνευ
952 2619 1122 2700 μεγάλων
1151 2616 1327 2679 κινδύνων
1357 2616 1419 2679 καὶ
1512 2668 1513 2673 ,

249 2718 366 2781 πόνων
390 2722 535 2782 πολλῶν
559 2720 650 2783 αὐτὰ
673 2724 902 2806 κτησάμενοι
925 2758 975 2803 -,
999 2719 1027 2783 V
1050 2719 1092 2786 68
1116 2717 1170 2780 οὐκ
1194 2719 1318 2780 ἀνεκτὸν
1343 2717 1418 2780 εἶναι
1512 2718 1513 2741 ’

245 2816 414 2905 Ῥωμαίοις
436 2827 489 2905 τῆς
512 2824 677 2905 ἡγεμονίας
700 2824 970 2907 άντιποιουμένύις,
993 2824 1028 2907 ἣν
1053 2822 1101 2884 διὰ
1129 2824 1274 2884 πολλῶν
1302 2821 1419 2884 πύνων

203 2951 208 2959 ·
250 2924 284 2986 οί
306 2925 466 3008 πατέρες
491 2924 609 2988 αὐτῶν
632 2931 867 3011 κτησάμενοι
895 2932 956 2996 τοῖς
981 2925 1115 3008 ἐκγόνοις
1138 2924 1339 2988 κατέλιπον
1363 2924 1425 3002 -,’

248 3027 313 3093 VII
346 3029 388 3094 50
421 3031 515 3092 πάντα
550 3028 585 3092 ἂν
617 3031 812 3115 ἀφῃρέθητε,
846 3031 903 3094 ὅσα
941 3031 974 3091 οί
1006 3029 1166 3112 πατέρες
1200 3026 1230 3089 θ’
1264 3029 1331 3109 ὑμῖν
1366 3026 1418 3090 σὺν
1511 3016 1512 3029 ’

249 3135 406 3202 πολλοῖς
435 3135 666 3216 κτησάμενοι
695 3133 820 3203 πόνοις
850 3134 1046 3198 κατέλιπον
1068 3170 1119 3215 -,
1143 3133 1192 3196 XI
1208 3131 1249 3195 40
1273 3132 1418 3215 χρήματα

250 3233 302 3297 σδν
318 3238 479 3306 πολλοῖς
502 3236 689 3320 κτηθέντα
712 3236 840 3307 πόνοις
864 3238 928 3300 ὑπὸ
952 3236 1119 3319 πατέρων
1142 3273 1183 3282 -
1206 3234 1324 3301 similia
1345 3240 1419 3301 sunt

250 3339 308 3422 eis,
332 3358 416 3422 quae
439 3339 540 3406 habet

314 3462 411 3526 Isocr.
441 3461 486 3526 VI
517 3462 555 3526 12
589 3462 641 3544 τὴν
675 3462 732 3545 γάρ
768 3460 866 3537 δόξαν,
903 3462 939 3545 ἢν
968 3460 1037 3541 ἡμῖν
1067 3461 1100 3522 οί
1127 3458 1305 3542 πρόγονοι
1340 3458 1417 3542 μετὰ

249 3566 397 3626 πολλῶν
431 3565 610 3628 κινδύνων
644 3565 675 3627 ἐν
711 3564 903 3633 ἑπτακοσίοις
934 3561 1017 3626 ἔτεσι
1044 3564 1279 3646 κτησάμενοι
1307 3559 1417 3623 κατέ-

249 3670 355 3729 λιπον
378 3705 429 3751 ·-‚
454 3669 500 3734 VI
522 3670 564 3734 57
587 3670 614 3731 εἰ
726 3670 805 3751 μηδὲ
829 3674 887 3730 τῶν
911 3666 1100 3750 προγόνων
1126 3666 1324 3748 μνησθεῖμεν,
1348 3663 1416 3726 ἀλλ’
1509 3740 1510 3751 ¹

248 3771 284 3854 ἣν
315 3771 425 3834 ἐκεῖνοι
456 3771 533 3854 μετὰ
560 3773 707 3834 πολλῶν
736 3773 854 3835 πόνων
882 3773 942 3833 καὶ
974 3769 1150 3833 κινδύνων
1185 3769 1414 3851 ἐκτήσαντο,

250 3873 362 3956 ταύτην
385 3875 474 3958 ἡμεῖς
579 3876 795 3961 ἀποβάλωμεν.

313 3994 407 4060 Dion.
424 3994 471 4059 VI
486 3996 528 4063 68
550 3996 601 4058 καὶ
623 3995 780 4078 περιέσται
803 4018 854 4079 μοι
878 3999 986 4067 ζῶντι
1010 3997 1063 4077 μέν
1080 3993 1213 4066 ἔπαινος,
1237 3995 1415 4076 τελευτή·
1508 4074 1509 4085 ¹

249 4120 353 4159 σαντι
387 4099 422 4160 δέ
456 4100 475 4180 ἡ
510 4099 591 4182 παρὰ
625 4105 684 4161 τῶν
719 4098 999 4182 ἐπιγενομένων
1033 4099 1158 4181 μνήμη
1193 4096 1312 4163 hausta
1345 4115 1416 4162 esse
1508 4114 1509 4145 ³

250 4200 347 4266 oredo
370 4220 411 4266 ex
1508 4194 1509 4201 ’

249 4374 450 4383 ..———

319 4483 339 4549 ¹)
359 4481 436 4547 podd.
455 4480 602 4537 deteriores
619 4477 650 4535 τὸ
668 4477 908 4552 προσταττόμενον
926 4482 970 4551 (τί.
990 4481 1109 4535 adnotat.
1128 4498 1189 4552 pag.
1208 4481 1261 4547 27).
