3034 4984
484 1435 553 1529 Ᾱ.
584 1435 948 1530 Prooemium.

198 1706 239 1821 In
272 1755 312 1823 iis
344 1757 437 1842 viris,
472 1758 527 1843 qui
562 1757 704 1842 Augusti
735 1764 847 1824 aetate
880 1758 1003 1823 Romae
1036 1758 1191 1842 aequales
1226 1775 1303 1822 suos

129 1854 264 1925 incitare
280 1860 468 1945 studebant,
493 1869 529 1928 ut
543 1861 576 1927 in
592 1862 777 1929 oratoribus
792 1861 920 1945 Atticis,
938 1860 992 1944 qui
1008 1866 1075 1927 tum
1095 1861 1159 1926 iam
1175 1859 1302 1926 classici

128 1960 410 2050 existimabantur,
433 1965 621 2033 lectitandis
644 1985 780 2052 operam
810 1985 850 2031 ac
877 1963 988 2030 studia
1010 1964 1214 2047 collocarent,
1238 1982 1303 2029 non

128 2062 240 2131 ultimo
272 2066 343 2134 loco
374 2068 610 2135 numerandum
643 2089 717 2136 esse
747 2069 943 2153 Dionysium
979 2067 1301 2134 Halicarnassensem

127 2166 199 2249 quis
221 2170 349 2252 estqui
371 2173 492 2255 neget?

191 2287 252 2366 Qui
281 2297 437 2374 quantam
463 2293 535 2378 ipse
569 2292 736 2360 collocarit
767 2310 904 2379 operam
938 2291 972 2356 in
1002 2312 1111 2358 eorum
1140 2298 1303 2358 oratorum

127 2389 307 2458 Atticorum
337 2395 391 2477 qui
423 2396 579 2482 imprimis
612 2395 796 2463 imitatione
829 2394 920 2480 digni
956 2396 1153 2463 videbantur
1185 2413 1304 2480 genere

127 2490 257 2560 dicendi
285 2502 318 2562 et
346 2497 540 2584 explicando
564 2507 597 2565 et
624 2500 843 2583 aestimando,
873 2501 1078 2587 potissimum
1107 2498 1305 2584 exscriptis

129 2596 199 2664 eiua
221 2597 391 2668 rhetoricis
413 2603 629 2687 cognoscitur.

193 2717 286 2796 Quae
309 2742 374 2787 non
396 2742 437 2788 ea
459 2743 533 2790 eum
556 2730 664 2790 mente
687 2725 931 2812 conscripsisse,
956 2733 992 2792 ut
1007 2733 1172 2811 tamquam
1197 2745 1303 2792 rerum

129 2819 268 2904 scriptor
289 2824 390 2890 vitam
406 2834 505 2912 atque
521 2827 736 2895 elocutionem
760 2830 899 2896 oratoris
921 2832 1078 2914 cuiusque
1093 2830 1303 2915 describeret,

128 2921 187 2987 sed
211 2923 370 3011 imprimis
392 2929 426 2995 id
442 2951 515 2997 eum
532 2939 710 3018 spectasse,
734 2938 772 2998 ut
794 2931 967 2999 dictionem
984 2953 1093 2999 eorum
1110 2936 1303 3019 aequalibus

127 3024 172 3089 ad
187 3026 382 3098 imitandum
398 3043 603 3120 proponeret,
627 3034 704 3101 inde
727 3034 870 3102 dilucide
885 3044 1035 3120 apparet,
1058 3035 1145 3119 quod
1161 3057 1179 3104 e
1196 3040 1304 3123 singu·

129 3127 231 3193 lorum
247 3140 413 3201 oratorum
428 3157 547 3220 genere
571 3138 701 3205 dicendi
724 3137 758 3203 id
776 3139 880 3225 ipsum
897 3139 987 3223 eligit
1008 3148 1107 3224 atque
1122 3142 1302 3228 praedicat,

126 3230 213 3312 quod
237 3234 280 3299 ab
305 3255 344 3302 eo
368 3238 581 3308 delibandum
605 3244 657 3310 sit.

190 3368 284 3447 Quod
301 3382 337 3442 ut
354 3397 539 3466 cognoscas
554 3380 688 3447 evolvas
704 3399 826 3463 quaeso
842 3379 988 3447 libellum
1004 3381 1046 3447 de
1062 3382 1164 3468 Lysia
1178 3404 1250 3470 cap.
1268 3389 1302 3452 5:

124 3473 312 3557 μιμητέον
337 3481 378 3565 δὴ
404 3485 458 3548 καὶ
482 3487 536 3568 τὴν
560 3484 738 3570 βραχύτητα
761 3486 815 3566 τὴν
839 3486 964 3563 Λυσίου,

184 3614 256 3682 cap.
273 3598 307 3667 9:
332 3604 510 3689 ληπτέον
533 3606 571 3687 δὴ
594 3604 702 3669 καὶτὸ
725 3603 840 3688 πρέπον
863 3609 918 3687 τῆς
942 3604 1056 3676 λέξειας
1079 3607 1160 3690 παρὰ
1177 3608 1300 3688 Λυσίου,

185 3736 258 3805 σιμ.
290 3724 350 3789 10:
388 3727 474 3790 ὥστε
501 3727 552 3790 καὶ
581 3725 694 3809 ταύτην
722 3725 774 3809 τἠν
804 3725 915 3809 ἀρετήν
944 3726 1111 3809 ληπτέον
1140 3730 1222 3813 παρὰ
1249 3735 1301 3794 τοῦ

123 3818 265 3906 ῥήτορος,

187 3962 264 4031 cap.
282 3947 341 4015 lb:
358 3949 394 4013 ἐκ
411 3950 449 4031 δὴ
465 3948 580 4013 τούτων
596 3947 847 4032 παρακελεύομαι
863 3954 924 4020 τοῖς
941 3950 1196 4032 ἀναγινώσκουσιν
1212 3951 1302 4016 αὐτὸν

125 4047 179 4131 τὴν
203 4051 262 4131 μὲν
287 4054 410 4137 εὕρεσιν
432 4058 491 4115 τῶν
515 4052 737 4136 ἐνθυμημάτων
759 4054 810 4115 καὶ
832 4054 884 4137 τὴν
904 4054 998 4137 κρίσιν
1022 4056 1176 4138 ζηλοῦν,
1200 4057 1252 4137 τὴν
1269 4057 1303 4120 δὲ

127 4153 211 4233 τάξιν
233 4156 288 4218 καὶ
311 4158 365 4242 τὴν
388 4155 529 4240 ἐργασίαν
553 4154 661 4229 αὐτῶν,
685 4154 884 4239 ἐνδεεστέραν
903 4153 996 4219 οὖσαν
1013 4160 1067 4219 τοῦ
1083 4158 1302 4241 προσήκοντος,

128 4256 177 4339 μὴ
201 4258 467 4344 ἀποδέχεσθαι
489 4261 543 4321 τοῦ
566 4258 683 4343 ἀνδρός,
707 4257 787 4321 ἀλλὰ
810 4257 894 4343 παρ’
918 4257 1071 4343 ἑτέρων,
1095 4259 1123 4323 οἳ
1147 4260 1301 4345 κρείττους

130 4357 336 4446 οἰκονομῆσαι
358 4361 395 4425 τὰ
419 4360 585 4444 εὑρεθέντα
610 4360 761 4442 ἐγένοντο,
788 4408 794 4422 .
818 4408 826 4424 .
847 4412 854 4427 .
878 4364 968 4424 τοῦτο
992 4362 1024 4424 τὸ
1049 4367 1200 4447 στοιχεῖον
1224 4366 1302 4445 λαμ-

131 4462 244 4546 βιίνειν.

1067 4565 1101 4621 Ῑκ
