3034 4984
627 893 795 986 Vita.

182 1161 303 1275 Natus
330 1228 400 1274 sum
430 1206 595 1274 Carolus
623 1207 805 1272 Maetzke
835 1228 865 1272 a.
894 1207 924 1272 d.
950 1208 988 1272 V.
1018 1206 1067 1272 Id.
1096 1207 1192 1272 Febr.
1221 1207 1299 1273 anni

130 1311 208 1378 1883
232 1312 336 1396 Aquis
358 1311 523 1376 Mattiacis
545 1316 639 1395 patre
662 1310 789 1390 Carolo,
812 1318 916 1376 matre
939 1311 1125 1394 Margareta
1153 1330 1172 1376 e
1201 1317 1298 1394 gente

126 1413 227 1498 Korn,
257 1434 338 1498 qnos
372 1415 485 1480 ambus
512 1413 621 1478 adhuc
649 1414 757 1479 salvos
786 1433 858 1479 esse
885 1413 983 1479 valde
1012 1413 1152 1496 gaudeo.
1202 1411 1298 1479 Fidei

125 1515 277 1583 addictus
305 1537 377 1584 sum
406 1516 626 1599 evangelicae.
672 1517 782 1582 Prima
808 1518 948 1600 pueritia
970 1537 1012 1582 ex
1035 1519 1114 1583 urbe
1136 1516 1297 1584 Rhenana

126 1620 158 1684 in
184 1621 342 1706 oppidum
372 1620 509 1686 silesiae
536 1618 705 1702 inferioris,
736 1621 788 1685 cui
816 1640 932 1686 nomen
961 1629 1012 1686 est
1039 1620 1203 1706 Leopolis,
1233 1626 1298 1684 tra-

127 1722 242 1790 ductus
263 1725 377 1809 primis
392 1723 558 1789 literarum
579 1723 747 1788 elementis
768 1723 910 1789 imbutus
925 1725 1192 1808 progymnasium
1207 1723 1297 1788 reale

126 1826 372 1912 Leopolitanum
396 1846 455 1911 per
477 1846 536 1892 sex
559 1846 660 1892 annos
683 1825 896 1910 frequentavi.
940 1826 1067 1892 Deinde
1089 1825 1297 1910 gymnasium

126 1928 408 1996 Cervimontannm
425 1928 503 2013 adii,
526 1928 613 2012 quod
627 1949 704 1995 vere
726 1931 803 1997 anni
825 1931 855 1994 h.
871 1950 896 1995 s.
921 1931 964 1995 ΙΙ.
987 1929 1183 1996 maturitatis
1207 1930 1298 1994 testi·

125 2034 229 2100 monio
262 2034 440 2098 instructus
476 2033 590 2115 reliqui
624 2032 740 2099 studiis
773 2033 976 2117 philologieis
1010 2041 1107 2115 atque
1135 2031 1298 2099 historicis

125 2155 256 2219 operam
279 2135 430 2215 daturus3
451 2136 568 2218 quibus
589 2155 661 2200 cum
676 2137 709 2201 in
726 2137 938 2203 universitate
953 2136 1118 2202 literarnnr
1134 2136 1298 2223 Lipsiensi

124 2257 182 2322 per
193 2240 245 2306 his
256 2259 316 2304 sex
327 2258 455 2304 menses
467 2239 694 2322 incubuissem,
707 2240 827 2304 almam
838 2247 974 2304 matrem
982 2239 1174 2305 Viadrinam
1185 2240 1298 2325 petivi.

190 2359 379 2424 Docuerunt
405 2378 457 2424 me
478 2359 539 2423 viri
562 2357 753 2425 doctissimi:
790 2359 1051 2444 Baampartcer,
1082 2359 1296 2445 Brapmaaa,

129 2458 212 2527 Caro
226 2463 260 2543 ᾧ,
282 2460 463 2543 Cicborioa,
484 2461 716 2546 Ebbiapbaaa
732 2462 896 2545 Foerster,
914 2463 1156 2545 arenosorum,
1175 2463 1296 2530 Gardt-

127 2562 273 2645 bcaaea,
286 2564 507 2649 Grdabwea,
527 2564 727 2648 Hoffmann,
744 2566 912 2647 Immisch,
928 2566 1061 2649 Jacoby,
1081 2565 1296 2652 chfmuan,

125 2666 336 2750 Lamprecbt,
358 2667 503 2754 Norden,
525 2668 679 2755 Partsch,
700 2669 853 2751 Skutsch,
879 2670 1088 2736 Wachcmath
1103 2671 1136 2754 †,
1157 2669 1297 2752 Zacher,

126 2769 288 2835 Zaraclce.

190 2891 442 2958 Seminationem
453 2891 649 2976 philologici,
662 2892 910 2977 archaeologici,
918 2892 1071 2976 historici,
1081 2893 1297 2978 philosophici

125 2992 248 3059 sodalis
290 2992 472 3061 ordinarius
514 2994 561 3059 fui
604 2996 849 3063 moderantibus
885 3017 937 3061 vv.
975 2997 1030 3063 dd.
1068 2997 1296 3081 Foerstero,

124 3095 320 3179 Nordeno,
354 3095 586 3183 Skutschi03
625 3099 824 3182 Cichorio,
860 3100 1123 3183 Kaut'mann03
1161 3101 1296 3166 Baum·

123 3205 329 3282 gartnero,
354 3199 678 3269 Frendenthalio.

189 3300 315 3379 Quibus
330 3303 408 3368 viris
422 3303 571 3370 omnibus
595 3324 723 3391 semper
744 3306 885 3389 gratiam
908 3304 1036 3373 habebo
1060 3305 1215 3389 debitam,
1239 3307 1296 3371 im·

122 3404 235 3488 primis
257 3413 368 3471 autem
391 3404 577 3493 Skutschio,
607 3409 661 3492 qui
686 3409 759 3476 huic
782 3408 937 3494 opusculo
960 3430 1092 3496 operam
1122 3430 1296 3494 curamque

122 3506 310 3592 impendere
333 3527 397 3573 non
419 3509 526 3575 desiit.
