3034 4984
809 353 850 417 14

308 521 372 588 VII
398 523 436 588 51
473 520 532 584 ἀπὸ
567 524 620 606 μὲν
655 527 708 586 τοῦ
738 524 897 610 βιάζεσθαι
924 524 1053 611 κατέβη,
1090 526 1138 588 ἐπὶ
1171 525 1204 588 τδ
1232 526 1409 596 δικάζεσθαι

243 623 270 685 δ’
283 624 441 708 ἐτράπετο.

306 744 370 811 VII
385 744 426 810 52
449 746 568 817 τούτοις
585 746 640 829 μὲν
656 745 816 831 ἀμφότερα
833 746 942 816 ἐξεῖναι
958 751 1164 833 πλεονεκτεῖν,
1188 751 1257 833 ἡμῖν
1281 750 1309 813 δ’
1322 750 1408 813 οῦδε-

242 847 333 933 τέρου
355 853 415 913 τῶν
437 849 561 913 δικαίων
584 850 736 935 μετέχειν.

306 969 369 1036 VII
392 970 433 1036 52
455 971 524 1054 περὶ
548 971 603 1054 μὲν
626 975 685 1034 τιῖιν
709 969 854 1053 μειζόνων
873 971 1052 1057 ἐπιτρέπειν,
1075 974 1144 1058 περὶ
1167 974 1201 1036 δὲ
1225 979 1284 1038 τῶν
1308 975 1409 1037 ἀλλων

243 1071 387 1141 ἀπιστεῖν.

305 1193 369 1260 VII
385 1195 426 1262 53
449 1194 554 1259 ἀνόσια
571 1196 626 1281 μὲν
641 1200 827 1282 φρονοῦντας
849 1197 918 1280 περὶ
933 1195 1038 1282 θεοὺς,
1061 1196 1151 1261 άδικα
1175 1198 1209 1261 δέ
1225 1199 1407 1282 πράττοντας

241 1298 315 1382 πρὸς
339 1299 529 1383 ἀνθρώπους.

305 1419 387 1485 VIII
401 1420 421 1485 7
441 1420 576 1504 χαλεπός
594 1422 648 1503 μὲν
664 1420 709 1491 οἷς
726 1421 788 1483 ἀντὶ
803 1424 934 1485 πολιτῶν
953 1421 1076 1507 ἐχθροῖς
1093 1421 1258 1507 κέχρημαι,
1276 1423 1408 1507 χρηστὸς

241 1522 269 1585 δ’
283 1522 328 1592 οῖς
352 1524 416 1585 ἀντὶ
438 1523 593 1608 πολεμίων
616 1524 726 1607 φίλοις.

306 1644 387 1710 VIII
414 1643 455 1709 28
481 1642 596 1713 κακοθς
625 1645 679 1727 μὲν
708 1647 881 1708 διαντλοῦσι
909 1646 1004 1732 βίους,
1034 1646 1156 1731 οἰκτρὰς
1184 1645 1211 1708 δ’
1225 1645 1409 1729 ὑπομένουσι

240 1749 396 1818 τελευτάς.

305 1869 386 1934 VIII
409 1868 449 1934 32
472 1868 616 1952 τιμᾶσθαι
632 1869 685 1952 μὲν
706 1867 763 1931 ὑπὸ
778 1873 836 1931 τῶν
853 1866 887 1930 εῦ
903 1867 1108 1952 πεπονθότων,
1133 1868 1288 1953 μισεῖσθαι
1312 1868 1339 1930 δ’
1353 1869 1409 1931 ὑπὸ

241 1977 300 2035 τῶν
324 1972 525 2057 ἠδικημένων.

305 2093 386 2158 VIII
408 2094 450 2158 43
473 2093 510 2155 τὰ
534 2093 588 2175 μὲν
612 2092 806 2155 ἀπολέσαντα
830 2096 939 2177 φιλεῖν,
963 2091 999 2154 τὰ
1022 2093 1058 2155 δὲ
1081 2095 1220 2156 σώσαντα
1245 2093 1370 2157 ἀδικεῖν.

304 2212 385 2278 VIII
412 2212 453 2277 47
481 2212 572 2282 θεοὺς
604 2213 638 2275 δὲ
666 2214 703 2297 δὴ
732 2211 899 2297 σεβόμενος
929 2211 980 2282 οῦς
1011 2213 1120 2295 ὤμοσα
1149 2214 1199 2276 καί
1228 2212 1409 2296 ἀνθρώπους

242 2316 422 2399 αἰδούμενος
447 2315 491 2385 οἷς
515 2316 569 2385 τὰς
591 2315 706 2385 πίστεις
730 2314 843 2379 ἔδωκα.

305 2437 337 2501 Χ
354 2437 394 2501 10
418 2434 489 2499 οῦτε
505 2436 588 2500 θεῖον
605 2437 797 2523 φοβηθέντες
813 2438 906 2522 χόλον
926 2435 989 2501 οὔτ’
1005 2437 1195 2521 ἀνθρωπίνην
1212 2438 1409 2521 ἐντραπέντες

241 2539 372 2625 νέμεσιν.

303 2660 354 2726 XI
371 2661 410 2726 12
434 2668 492 2724 τῶν
509 2662 563 2745 μὲν
580 2661 807 2745 ἁμαρτημάτων
824 2685 879 2724 σου
897 2662 1081 2747 μεμνῆσθαι,
1106 2669 1164 2724 τῶν
1183 2661 1210 2724 δ’
1224 2661 1409 2746 εὐεργεσιῶν

240 2764 451 2848 ἐπιλελῆσθαι.

303 2883 352 2950 XI
378 2886 417 2949 14
438 2886 486 2949 ῖνα
509 2890 568 2949 τῶν
584 2885 656 2950 ίσων
674 2908 706 2948 τε
730 2887 780 2949 καί
796 2886 971 2970 κρειττόνων
986 2886 1097 2972 άρχης,
1124 2887 1180 2948 ὑπὸ
1203 2892 1262 2948 τῶν
1279 2887 1408 2969 ἡττόνων

239 3010 273 3049 τε
296 2990 348 3052 καί
370 2989 517 3053 κακιόνων
541 2989 704 3075 ἄρχεσθαι.

304 3110 341 3174 In
368 3110 430 3177 hac
462 3109 566 3195 figura
599 3109 787 3178 adhibenda
815 3112 967 3179 Isocratis
1000 3112 1163 3196 proprium
1191 3115 1241 3176 est
1274 3130 1409 3196 ουοιροι

239 3232 303 3278 non
325 3232 453 3298 semper
474 3221 541 3280 tam
561 3222 675 3301 aperte
698 3220 731 3279 et
746 3216 917 3300 perspicue
939 3217 972 3280 in
995 3221 1170 3300 conspectu
1193 3234 1324 3299 ponere,
1348 3214 1408 3282 sed

238 3335 338 3401 saepe
361 3318 514 3385 obscurat
535 3321 702 3403 πορίσωοιν
725 3319 838 3386 ordine
861 3320 1032 3386 verborum
1054 3324 1250 3386 commutato
1266 3318 1319 3385 vel
1334 3319 1408 3385 aliis

238 3420 346 3487 verbis
368 3421 544 3490 interiectis
553 3424 588 3509 ¹).

303 3540 397 3620 Quod
430 3544 590 3610 imitatum
620 3564 693 3612 esse
724 3546 913 3631 Dionysium
946 3564 988 3611 ex
1021 3544 1072 3611 his
1104 3545 1179 3611 licet
1212 3563 1406 3627 cognoscere

238 3646 413 3731 exemplis:

302 3767 331 3832 V
356 3768 395 3833 10
421 3768 534 3853 πότερα
563 3775 618 3852 τῆς
644 3771 717 3853 πρὸς
746 3773 800 3852 τὴν
828 3768 912 3831 πόλιν
941 3766 1090 3838 εὐνοίας
1114 3794 1133 3854 η
1156 3774 1213 3831 τῶν
1236 3770 1310 3853 πρὸς
1334 3768 1406 3839 τοῦς

238 3871 400 3954 τυράννους
423 3872 653 3953 διαλλαγῶν,
684 3875 733 3937 καὶ
756 3872 871 3957 πότερα
900 3876 953 3954 τῆς
978 3872 1183 3955 ἐμπεδώσεως
1208 3877 1266 3934 τῶν
1289 3872 1405 3958 ὅρκων

320 3974 340 4057 ἢ
362 3978 416 4058 τῆς
440 3976 618 4059 συγχύσεως
641 3998 675 4039 τε
699 3976 749 4039 καὶ
773 3973 979 4056 ἐπιορκίας.

301 4093 386 4160 v65
410 4099 471 4166 τοῖς
495 4097 553 4179 μὲν
566 4095 724 4180 πολεμίοις
740 4095 809 4177 περὶ
825 4094 956 4178 μηδενὸς
980 4093 1021 4156 ίυν
1045 4092 1177 4178 ἠξίωσαν
1201 4095 1404 4170 ἀντειπεῖν,

302 4221 364 4286 τοῖς
389 4214 416 4279 δ’
428 4217 542 4280 ἑαυτῶν
565 4217 701 4286 πολίταις
724 4216 793 4299 περί
817 4219 925 4299 μικροῦ
949 4218 1131 4299 πολεμεῖν
1155 4216 1349 4300 διαφόρου.

239 4373 440 4383 ---

307 4475 328 4541 ¹)
346 4472 380 4527 cs.
400 4471 488 4538 Βίεεο,
507 4431 630 4526 Αιιῖεοίιε
650 4470 866 4527 ΒενεδιειιιιΙιείι
883 4471 935 4535 11³,
954 4489 1015 4543 pag.
1036 4476 1095 4531 181.
