3034 4984
21 2658 23 2757 Ι

21 2860 23 2961 ί

619 320 691 415 '27

154 524 259 588 XVIII
286 525 300 588 l
328 561 370 570 -
392 560 435 569 —
458 526 509 587 καὶ
532 523 640 606 μηδεὶς
665 523 749 603 ὑμῶν
773 521 951 605 θαυμάσῃ
975 560 1026 600 -,

156 645 186 710 in
206 644 315 711 medis
337 654 448 710 sutem
470 645 617 710 oratione
639 642 721 710 haee
743 643 863 710 locutio
886 644 1062 712 sescenties
1084 644 1253 710 invenitur.

157 781 254 861 Quom
270 782 448 868 Dionysius
471 801 598 865 quoque
623 802 720 864 quam
742 780 1002 865 frequentissime
1022 782 1173 866 adhibet3
1197 782 1255 849 sed

100 904 198 951 eornm
224 893 350 983 tentum
380 886 522 952 looorum
545 884 702 951 rationem
727 884 865 970 habebo,
895 887 1011 970 quibus
1034 886 1116 953 haeo
1138 887 1256 953 looutio

101 989 128 1054 in
148 989 275 1056 exordio
298 989 454 1056 orationis
476 988 608 1072 legitur:

157 1128 200 1193 IV
220 1128 261 1192 23
286 1125 411 1211 Πρῶτον
436 1128 490 1212 μὲν
513 1127 727 1211 θαυμάζειν
751 1126 812 1211 ἔφη
837 1135 896 1191 τῶν
920 1129 1170 1210 ἀγανακτούντων
1194 1166 1246 1204 -,

157 1248 199 1313 ιν
220 1246 262 1314 36
279 1246 385 1330 ιναπι
410 1249 444 1310 οι
469 1222 704 1331 ααοαιμααα,
728 1249 753 1311 u
778 1250 873 1334 ρααιή
897 1286 949 1331 -,

156 1368 231 1435 VIII
255 1372 296 1435 73
402 1371 453 1431 καὶ
478 1366 565 1431 οὐδὲν
588 1369 808 1452 θαυμαστὸν
833 1371 860 1433 εἰ
881 1409 935 1446 -,

155 1491 184 1555 Χ
205 1492 246 1557 22
271 1489 455 1574 Θαυμάζω
479 1490 574 1574 ὑμῶν,
598 1486 795 1573 ὦίΡωμαῖοι
816 1529 867 1559 -,

155 1611 200 1676 XI
226 1611 265 1676 16
289 1610 514 1693 Θαυμαστὸν
537 1611 592 1693 μὲν
616 1608 651 1694 ἦν
674 1612 725 1674 καὶ
748 1611 843 1691 τοῦτ’,
869 1613 894 1676 ὦ
918 1615 1014 1698 βουλή
1038 1653 1089 1677 -.

154 1749 326 1833 Τιαιιυίιίο,
356 1767 454 1832 quem
483 1748 572 1833 apud
596 1748 847 1815 Demosthenem
869 1749 999 1834 quidem
1022 1773 1087 1818 non
1110 1751 1256 1833 legimus,

99 1859 197 1918 exstat
218 1851 309 1937 apud
332 1852 428 1918 Dion.
453 1852 502 1916 IX
524 1852 564 1917 31
590 1872 679 1938 sequ.

154 1975 202 2035 καὶ
228 1974 312 2057 περὶ
342 1973 408 2055 μὲν
442 1971 534 2054 ἐμοῦ
564 1973 669 2035 ταῦθ’
689 1974 777 2037 ἱκανὰ
807 1975 986 2058 εἰρήσθω·
1019 1976 1103 2058 περὶ
1137 1975 1174 2037 δὲ
1203 1979 1257 2058 τῆς

99 2074 201 2157 βουλῆς
224 2123 292 2155 ···ι

153 2216 236 2280 queo
258 2196 408 2280 eongrnit
429 2216 501 2263 oum
524 2196 623 2263 Isoor.
646 2198 693 2263 IV
717 2199 757 2263 14

154 2321 235 2402 περὶ
264 2319 329 2400 μὲν
357 2315 420 2380 οὖν
447 2324 518 2380 τῶν
546 2318 649 2381 ἰδίων
676 2322 792 2382 ταῦτά
816 2342 867 2403 μοι
889 2319 1149 2406 προειρήσθω·
1173 2321 1257 2403 περὶ

97 2419 133 2482 δέ
154 2426 212 2484 τῶν
233 2428 344 2485 κοινῶν

153 2559 395 2625 Praeteritionis
417 2558 530 2644 forma,
554 2580 649 2644 quam
673 2559 810 2627 adhibet
832 2562 927 2627 Dion.
951 2565 983 2628 X
1006 2563 1047 2628 36

154 2681 225 2760 ἐγὼ,
264 2681 289 2742 ὦ
318 2680 457 2763 δημόται,
487 2681 557 2743 καθ’
578 2682 707 2745 ἕκαστον
737 2681 826 2766 ἔργον
854 2690 912 2746 τῶν
942 2687 1010 2767 ἐμοὶ
1038 2681 1257 2765 πεπραγμένων

21 2792 22 2795 ’
94 2783 344 2866 εἰβουλοίμην
361 2784 502 2864 λέγειν,
519 2784 686 2860 ἐπιλίποι
706 2785 746 2849 ἄν
764 2811 808 2870 με
830 2790 926 2871 ὁτῆς
943 2787 1087 2870 ἡμέρας
1105 2784 1257 2869 χρόνος,

155 2910 284 2988 sumpts
319 2921 392 2969 esse
420 2903 549 2971 videtur
581 2925 622 2971 ex
654 2906 751 2974 Isoer.
781 2908 826 2973 VI
854 2907 875 2973 8
909 2907 1076 2970 ἐπιλίποι
1103 2905 1129 2967 ‹3‘
1152 2903 1191 2967 ἂν
1218 2910 1257 2967 το

21 3002 22 3037 I
93 3008 217 3069 λοιπδν
245 3006 361 3089 μέρος
390 3013 453 3090 τῆς
481 3009 642 3091 ἡμέρας,
672 3013 705 3074 εἰ
734 3012 857 3093 λέγειν
881 3011 1192 3096 ἐπιχειρήσαιμεν
1216 3045 1257 3056 -

152 3134 186 3193 et
215 3127 295 3192 VIII
324 3127 365 3192 56
399 3129 567 3190 ἐπιλίποι
600 3129 627 3192 δ’
650 3129 690 3192 ἅν
726 3155 769 3213 με
805 3132 843 3193 τὸ
879 3132 1009 3195 λοιπὸν
1043 3129 1158 3210 μέρος
1192 3134 1257 3212 τῆς

92 3231 247 3315 ἡμέρας,
271 3230 306 3292 εί
328 3230 477 3302 ἐξετάζειν
501 3232 737 3319 ἐπιχειροίην
760 3239 850 3317 —¹);

151 3373 226 3418 nom
250 3350 337 3435 qnod
360 3350 460 3417 habet
481 3353 648 3422 Demosth.
672 3357 786 3422 XVIII
809 3356 871 3420 296
901 3356 1050 3438 ἐπιλείψει
1073 3377 1112 3438 με
1137 3352 1257 3435 λέγονθ’

92 3455 109 3533 ἡ
141 3456 244 3539 ἡμέρα
279 3454 315 3516 τὰ
348 3461 406 3517 τιῑιν
440 3459 597 3539 προδοτῶν
631 3459 763 3542 ὀνόματα
797 3457 923 3540 longius
957 3457 1058 3523 distat
1095 3478 1116 3523 a
1149 3457 1258 3523 verbis

92 3556 245 3645 Dionysii.

151 3697 233 3764 Cum
257 3694 352 3761 Dion.
377 3696 438 3761 VII
463 3698 499 3762 41
526 3699 670 3782 πλείστην
694 3700 916 3779 ἐπιδειξάμενοι
940 3700 1109 3783 προθυμίαν
1128 3748 1134 3763 .
1152 3746 1160 3761 .
1178 3748 1185 3763 .
1202 3703 1256 3761 τοῦ

93 3801 221 3882 μηδενὶ
245 3799 283 3860 τὸ
306 3799 558 3881 κελευόμενον
582 3807 704 3864 ποιεῖν
727 3801 891 3881 τὴνπὸλιν,
917 3804 985 3866 ἀλλ’
1007 3800 1256 3887 αὐτὴνὲτέροις

94 3901 302 3966 ἐπιτάττειν
326 3902 362 3964 τὰ
386 3903 487 3965 δίκαια

159 4214 179 4278 ¹)
199 4209 355 4264 Notandum
373 4224 416 4266 ost
433 4213 474 4266 his
488 4214 594 4267 duobus
608 4214 674 4267 iocis
688 4216 832 4267 Isocrateis
852 4218 958 4272 codices
972 4216 1119 4271 doteriores
1133 4219 1257 4271 exhibere

96 4294 231 4363 ἐπιλείποι,
249 4296 308 4350 eod.
329 4297 492 4366 Γέπιλίποι,
516 4320 595 4372 quom
615 4303 768 4355 mennonium
783 4302 930 4375 Dionysius
945 4315 1053 4361 secutus
1067 4324 1127 4359 esse
1148 4306 1257 4365 videtur,

97 4384 120 4437 id
136 4385 208 4456 quod
227 4387 360 4439 consentit
378 4405 437 4440 oum
456 4406 488 4441 eo
508 4388 581 4459 quod
593 4388 710 4443 Fuhrius
729 4392 824 4444 statuit
842 4391 875 4446 de
888 4394 966 4448 libris
980 4393 1121 4447 rhetoricis
1136 4391 1256 4462 Dionysii

98 4472 120 4525 io
137 4472 232 4526 Museo
253 4471 380 4527 Rheusno
402 4474 531 4530 XXXIX
551 4496 576 4549 p.
596 4480 656 4537 325.
