3034 4984
769 272 810 337 22

269 445 426 511 Omnibus
448 444 546 528 igitur
568 444 712 510 colonias
735 443 949 509 emolumento
979 462 1052 509 esse
1075 443 1163 526 dicit,
1192 450 1226 509 et
1253 443 1295 510 iis
1322 443 1376 527 qui

205 549 434 631 emigraverint
461 554 495 613 et
520 548 560 614 iis
588 548 642 631 qui
671 546 757 613 domi
787 547 1008 631 remanserint,
1038 546 1125 631 quod
1155 547 1250 613 simili
1279 545 1376 613 modo

206 652 353 717 enuntiat
380 652 478 717 Isoor.
506 651 551 715 IV
575 650 616 715 35
645 652 760 720 πολλὰς
790 651 844 732 μὲν
869 699 877 716 .
900 701 906 712 .
928 698 936 712 .
960 651 1063 721 πόλεις
1094 650 1227 730 ἔκτισαν,
1254 653 1376 720 ἁπάσας

206 757 240 818 δὲ
264 755 316 824 τὰς
334 757 445 839 νήσους
462 753 647 838 κατῴκισαν,
673 753 867 837 ἀμφοτέρους
892 755 926 817 δὲ
950 755 1000 816 καὶ
1016 753 1085 823 τοὺς
1104 754 1376 838 ἀκολουθήσαντας

206 860 256 922 καὶ
284 857 353 927 τοὺς
385 857 661 942 ὑπομείναντας
687 856 824 920 ἔσωσαν·
853 861 914 926 τοῖς
940 857 1072 941 μὲνγὰρ
1096 857 1199 941 ἱκανὴν
1222 859 1274 940 τὴν
1299 856 1377 919 οἴκοι

206 964 310 1046 χώραν
333 960 506 1033 κατέλιπον,
530 963 592 1029 τοῖς
616 962 650 1023 δὲ
674 959 770 1022 πλείω
793 964 847 1043 τῆς
872 960 1072 1045 ὑπαρχούσης
1096 960 1249 1045 ἐπύρισαν.
1301 1019 1303 1024 ,

271 1081 421 1147 Colonias
438 1082 578 1146 maxime
594 1078 749 1169 praesidii
765 1100 866 1146 causa
881 1079 998 1146 deduci
1021 1086 1057 1146 ut
1079 1079 1167 1165 apud
1184 1080 1377 1165 Dionysium

206 1186 275 1252 looo
299 1186 398 1250 allato
422 1187 498 1265 (διὰ
521 1188 694 1268 φυλακῆς
719 1183 825 1269 ἔχειν
848 1186 994 1268 χωρία),
1017 1184 1065 1250 ita
1087 1183 1176 1269 apud
1199 1185 1377 1250 Isocratem

206 1290 239 1353 in
262 1289 378 1354 eadem
401 1289 547 1355 oratione
569 1288 667 1372 paulo
689 1286 774 1352 inira
797 1286 933 1370 legimus

271 1410 316 1474 IV
348 1411 407 1475 107
441 1409 495 1478 τὰς
524 1409 712 1492 κληρουχίας
741 1410 828 1492 ἡμῶν
858 1409 1029 1485 ὀνειδίζειν,
1065 1407 1101 1477 ἃς
1130 1410 1218 1491 ἡμεῖς
1249 1410 1293 1477 εἰς
1323 1409 1375 1477 τὰς

208 1513 421 1596 ἐρημουμένας
451 1519 509 1575 τῶν
540 1511 657 1574 πὺλεων
684 1514 856 1596 φυλακῆς
890 1511 1000 1574 ἕνεκα
1033 1517 1104 1573 τῶν
1134 1511 1278 1595 χωρίων
1306 1566 1312 1577 ,
1337 1558 1377 1577 ..

208 1616 427 1699 ἐξεπέμπομεν.

270 1738 386 1803 Restat
413 1743 449 1802 ut
476 1736 609 1801 afferam
640 1735 844 1819 sententiam,
878 1755 961 1819 quae
996 1742 1046 1801 est
1079 1735 1120 1801 de
1148 1736 1180 1802 vi
1208 1742 1378 1820 pactorum

207 1846 305 1923 atque
327 1839 493 1905 foederum
523 1846 555 1904 ct
577 1858 661 1922 quae
683 1838 772 1924 apud
797 1845 966 1922 utrumque
989 1839 1150 1905 invenitur
1173 1842 1376 1924 scriptorem:

264 1961 366 2032 Dion.
396 1961 442 2026 VI
470 1961 512 2026 84
545 1959 707 2022 τελευταία
736 1960 771 2021 δὲ
803 1960 922 2028 πίστις
958 1959 1066 2022 ἅπασίν
1096 1961 1175 2022 ἐστιν
1205 1962 1377 2044 ἀνθρώποις

200 2061 360 2146 Ἕλλησί
377 2087 413 2125 τε
435 2064 495 2126 καὶ
519 2063 721 2148 βαρβάροις
738 2061 879 2144 ...ἡδί
896 2062 993 2146 ὅρκων
1009 2065 1059 2125 καὶ
1076 2065 1212 2125 σπονδῶν
1229 2063 1378 2147 ἐγγυητὰς

207 2165 301 2236 θεοὺς
330 2166 497 2248 ποιουμένη
526 2171 585 2228 τῶν
614 2167 812 2251 συμβάσεων·
849 2165 899 2248 ὑφ’
921 2164 958 2247 ἧς
987 2166 1098 2228 πολλαὶ
1134 2166 1188 2249 μὲν
1224 2167 1377 2229 ἰδιωτῶν

209 2268 347 2354 ἔχθραι
376 2271 488 2353 πικραὶ,
524 2272 657 2331 πολλοὶ
690 2270 729 2331 δὲ
763 2269 926 2353 πύλεμοι
960 2268 1095 2331 πόλεσι
1126 2271 1215 2354 πρὸς
1245 2271 1377 2340 πόλεις

210 2376 375 2442 συστάντες
400 2374 659 2456 διηλλάγησαν
681 2408 732 2448 -,

273 2495 370 2560 Isoor.
398 2492 512 2558 XVIII
541 2492 665 2558 27-31
702 2494 854 2577 τοσαύτην
889 2493 915 2555 δ’
939 2492 1047 2578 ἔχουσι
1082 2494 1204 2577 δύναμιν
1239 2495 1319 2573 (soil.
1347 2498 1378 2558 αἱ

210 2597 381 2681 συνθῆκαι),
413 2597 493 2659 ὥστε
518 2597 553 2658 τὰ
578 2600 704 2658 πλεῖστα
726 2600 779 2658 τοῦ
797 2596 862 2682 βίου
887 2599 936 2659 καὶ
960 2601 1020 2664 τοῖς
1035 2593 1191 2680 Ἕλλησι
1214 2600 1275 2661 καὶ
1298 2604 1377 2669 τοῖς

210 2702 411 2786 βαρβάροις
434 2700 483 2763 διὰ
500 2700 659 2784 συνθηκῶν
676 2699 765 2763 εἶναι·
788 2747 794 2762 .
813 2750 818 2762 .
836 2748 843 2761 .
863 2701 939 2784 μετὰ
956 2700 1070 2763 τούτων
1087 2703 1136 2764 καὶ
1153 2701 1189 2763 τὰ
1207 2701 1378 2786 συμβόλαια

209 2803 246 2865 τὰ
269 2804 342 2886 πρδς
366 2803 447 2885 ἡμᾶς
470 2803 581 2873 αὐτοὺς
598 2803 769 2887 ποιούμεθα
793 2805 843 2866 καὶ
867 2804 920 2872 τὰς
945 2804 1044 2873 ἰδίας
1067 2802 1207 2888 ἔχθρας
1231 2806 1282 2866 καὶ
1305 2805 1377 2875 τοὺς

209 2904 328 2975 κοινοὺς
358 2906 513 2989 πολέμους
543 2906 745 2988 διαλυύμεθα·
871 2908 950 2976 τίνας
975 2909 1008 2970 δὲ
1036 2908 1179 2976 πίστεις
1209 2908 1282 2990 πρδς
1306 2908 1377 2977 τοδς

209 3009 322 3078 ἄλλους
347 3011 528 3093 εὑρήσομεν,
556 3010 583 3072 εἰ
604 3013 658 3079 τὰς
681 3012 754 3093 πρδς
778 3013 859 3093 ἡμᾶς
882 3009 991 3079 αύτοὺς
1007 3011 1211 3094 γεγενημένας
1229 3013 1378 3096 λύσομενγ

210 3159 270 3174 ,..
295 3113 353 3197 οὑχ
375 3113 512 3197 ἥκισθ’ίγ
537 3112 621 3182 πόλις
646 3115 679 3175 ἐκ
698 3114 813 3176 τούτων
836 3120 895 3175 τῶν
919 3116 1133 3194 διαλλαγῶν
1158 3113 1376 3198 εὐδοκίμησεν·

210 3217 282 3298 πρὸς
307 3218 361 3298 μὲν
385 3218 441 3300 γὰρ
465 3219 513 3279 τδν
538 3217 699 3299 πόλεμον
723 3218 860 3278 πολλαὶ
883 3216 1013 3286 πόλεις
1034 3216 1070 3279 ἂν
1094 3220 1250 3301 εὑρεθεῖεν
1274 3222 1377 3289 καλῶς

209 3320 422 3403 ἠγωνισμέναι.
1275 3304 1278 3313 ¹

275 3441 377 3519 Quem
401 3442 504 3507 locum
529 3442 685 3526 Dionysio
713 3447 789 3506 ante
818 3442 927 3508 oculos
955 3448 1118 3508 versatum
1147 3462 1219 3508 esse
1242 3462 1314 3508 oum
1337 3463 1378 3508 ex

210 3546 318 3611 multis
340 3548 509 3611 verborum
535 3546 800 3612 consensionibus
823 3552 889 3611 tum
913 3565 954 3610 ex
977 3546 1094 3629 insigni
1116 3546 1173 3610 illa
1195 3544 1309 3631 figura,
1337 3545 1378 3611 de

210 3670 274 3733 qua
297 3669 397 3734 supra
419 3649 553 3733 egimus,
578 3650 705 3715 elucere
728 3649 805 3715 mibi
828 3648 965 3715 videtur.

274 3771 344 3834 Iam
372 3770 417 3835 ad
444 3769 539 3835 finem
567 3768 662 3836 buius
691 3770 794 3854 partis
817 3770 1037 3854 pervenimus3
1067 3790 1177 3835 omnes
1206 3777 1284 3854 puto
1307 3790 1378 3856 per-

210 3874 357 3958 spexisse
379 3894 531 3957 magnam
554 3881 680 3959 partem
704 3894 814 3939 earum
835 3873 1090 3958 translationum,
1114 3894 1208 3958 quac,
1232 3876 1379 3957 quamvis

211 3999 314 4061 rarae,
338 3985 469 4044 exstant
484 3978 572 4063 apud
589 3979 776 4060 Isocratem,
801 3977 898 4042 etiam
919 3977 1009 4063 apud
1025 3978 1215 4062 Dionysium
1231 3977 1377 4059 inveniri,

211 4083 442 4150 sententiarum
465 4102 550 4167 vero,
575 4083 692 4166 quibus
714 4080 862 4147 abundat
883 4082 1055 4162 Isocrates,
1084 4082 1202 4148 multas
1229 4083 1262 4147 in
1285 4102 1379 4148 usum

211 4207 302 4253 suum
326 4188 523 4254 convertisse
545 4187 748 4271 Dionysium.
