3034 4984
790 333 811 397 8

281 503 360 569 XIV
383 505 403 568 9
432 504 528 585 καλήν
556 504 590 566 δὲ
618 503 668 565 καὶ
696 502 884 567 ἀθάνατον
914 503 1120 588 εῦκλείανῑ)
1146 504 1383 587 καταλείψοντες

218 606 281 668 ἀντὶ
305 611 358 670 τοῦ
382 607 519 690 θνητοῦ
544 608 730 688 σώματος.

282 725 480 805 Quibuscum
496 725 644 793 conferas
660 727 757 793 Isoor.
776 726 821 792 VI
840 728 900 791 109
922 726 1045 790 κάλλιόν
1061 727 1141 789 ἐστιν
1158 727 1221 789 ἀντὶ
1243 727 1383 809 θνητοῦ

218 833 391 910 σώματος
420 831 606 894 ἀθάνατον
632 829 739 897 δόξαν
769 830 1083 898 ἀντικαταλλάξασθαι
1109 829 1160 891 καὶ
1184 834 1285 914 ψυχης
1309 875 1318 893 .
1342 875 1350 890 .
1375 874 1383 891 .

217 933 364 1017 πρίασθαι
386 933 529 1015 τοιαύτην
553 932 745 1015 εὐκλείαν,

282 1052 311 1119 V
337 1054 398 1119 134
421 1053 554 1136 ἐνθυμοῦ
578 1051 652 1116 δ’ῦτι
674 1055 707 1115 τὸ
731 1054 786 1137 μὲν
814 1059 919 1137 σῶμα
947 1053 1079 1136 θνητὸν
1102 1052 1234 1122 ἅπαντες
1257 1051 1384 1136 ἔχομεν,

216 1156 293 1219 κατὰ
317 1157 351 1219 δὲ
374 1158 437 1239 τήν
466 1154 643 1237 εὐλογίαν
669 1158 731 1218 καὶ
760 1155 848 1226 τοὺς
872 1158 1047 1225 ἐπαίνους
1075 1156 1138 1219 καὶ
1166 1157 1228 1239 τἠν
1256 1158 1384 1240 φήμην

217 1262 279 1322 καὶ
302 1260 363 1343 τήν
387 1260 533 1341 μνήμην
644 1258 855 1329 ἀθανασίας
879 1261 1165 1345 μεταλαμβάνομεν.

282 1378 379 1445 Addo
399 1378 485 1463 quod
501 1378 580 1444 dicit
602 1379 807 1445 Isoor.1137
832 1379 901 1441 ἀλλ’
917 1379 1022 1461 ἐπειδὴ
1045 1378 1184 1463 θνητοῦ
1208 1382 1383 1462 σώματος

218 1481 338 1567 ἔτυχες,
354 1490 449 1566 πειρῶ
465 1488 519 1566 τῆς
536 1488 637 1568 ψυχῆς
658 1482 848 1546 ἀθάνατον
871 1484 1016 1566 μνήμην
1031 1485 1216 1562 καταλιπεῖν,
1231 1489 1265 1547 ot
1279 1483 1327 1547 lx
1343 1483 1382 1547 71

216 1586 348 1668 θνητὸς
365 1587 400 1648 δὲ
412 1585 574 1669 γενόμενος
591 1586 780 1650 ἀθάνατον
796 1588 849 1671 τήν
861 1589 929 1669 περὶ
942 1587 1034 1648 αὑτοῦ
1051 1588 1195 1669 μνήμην
1212 1588 1384 1652 κατέλιπεν.

282 1705 339 1771 Vis
351 1707 525 1790 opponitur
536 1704 737 1791 persuasioni
753 1705 843 1792 apud
855 1707 950 1772 Dion.
962 1706 1026 1772 VII
1038 1704 1080 1771 32
1096 1708 1123 1769 εἰ
1140 1708 1174 1769 δὲ
1189 1707 1384 1769 πείθουσιν

217 1810 287 1891 ἡμῖν
310 1807 346 1871 οῦ
370 1810 598 1893 συγχωρήσετε,
627 1808 662 1873 εῦ
684 1810 758 1892 ἴστε,
786 1811 831 1874 ὅτι
854 1810 920 1874 οὔδ’
935 1813 1025 1895 ήμεῖς
1048 1810 1290 1896 βιαζομένοις
1317 1809 1385 1891 ὑμῖν

218 1911 348 1995 εἴξομεν,

281 2038 315 2098 et
341 2033 390 2097 IX
417 2032 457 2098 32
488 2035 515 2097 εἰ
541 2034 713 2098 δ’ἀῦύνατοι
739 2033 794 2118 ήτε
821 2040 986 2120 κατασχεῖν
1014 2034 1192 2118 ἀσύμφορον
1223 2034 1384 2117 ἐπιθυμίαν

218 2139 356 2222 λογισμῷ
380 2140 524 2221 σώφρονι,
549 2138 625 2222 μετὰ
648 2142 702 2201 τοῦ
726 2138 870 2202 πείθειν
893 2145 952 2201 τῶν
976 2138 1075 2202 αὐτῶν
1099 2139 1199 2206 ἀξιοῦν
1215 2142 1385 2222 τυγχάνειν,

217 2239 297 2302 ἀλλά
321 2241 362 2324 μή
387 2240 465 2324 μετὰ
487 2245 541 2304 τοῦ
565 2241 775 2327 βιάζεσθαι.

281 2358 373 2438 Quae
407 2363 569 2428 eontentio
608 2362 735 2428 etiamsi
768 2361 858 2447 apud
892 2360 1143 2429 Demosthenem
1176 2381 1303 2446 quoqne
1337 2361 1385 2425 in-

217 2464 387 2548 veniunt),
418 2471 527 2531 tamen
550 2464 594 2531 ad
618 2465 766 2551 Dionysii
790 2465 968 2533 sententias
991 2465 1125 2551 propius
1148 2464 1276 2531 aceedit
1298 2462 1384 2547 quod

218 2565 297 2632 dicit
324 2568 423 2634 Isoor.
446 2568 475 2634 V
499 2570 538 2634 16
569 2568 633 2632 ἔστι
662 2569 697 2632 δὲ
724 2569 757 2631 τὸ
788 2571 842 2654 μὲν
872 2569 1016 2632 πείθειν
1044 2569 1117 2652 πρὸς
1139 2564 1384 2650 τοθςἛλληνας

218 2671 384 2754 συμφέρον,
407 2671 440 2734 τὸ
464 2673 499 2734 δὲ
522 2672 718 2759 βιάζεσθαι
741 2671 816 2757 πρὸς
839 2672 910 2742 τοὺς
935 2673 1107 2758 βαρβάρους
1130 2674 1292 2756 χρήσιμον,

282 2797 314 2856 ot
329 2790 410 2856 VIII
424 2791 461 2857 21
485 2795 667 2877 συμμάχους
683 2793 794 2876 ἕξομεν
811 2793 945 2863 ἅπαντας
962 2794 1152 2877 ἀνθρώπους,
1176 2790 1211 2853 οῦ
1236 2791 1385 2876 βεβιασ-

218 2894 352 2975 μένους
376 2895 456 2959 ἀλλὰ
478 2895 769 2979 πεπεισμένους.

282 3015 355 3082 Alio
377 3016 447 3082 Ιοοο
470 3036 598 3102 eorpus,
620 3015 685 3082 alio
707 3017 851 3083 animum
873 3037 945 3085 esse
966 3037 1062 3103 posse
1078 3018 1232 3102 seriptum
1246 3014 1385 3099 legimns

217 3116 307 3202 apud
334 3119 429 3185 Dion.
457 3120 507 3184 III
536 3118 575 3183 21
604 3120 637 3182 τὸ
666 3120 720 3201 μὲν
749 3127 854 3203 σῶμα
884 3122 915 3184 ἐν
945 3126 1008 3191 τοῖς
1038 3125 1128 3192 ζῶσιν
1152 3118 1247 3204 ἔχεις,
1273 3121 1326 3203 τήν
1349 3120 1384 3182 δὲ

219 3222 338 3305 ψυχήν
361 3224 442 3307 παρὰ
466 3230 510 3307 τῷ
532 3226 641 3308 νεκρῷ,

283 3341 369 3407 Vlo
391 3342 425 3404 τὸ
449 3344 503 3424 μὲν
527 3348 633 3424 σῶμα
656 3343 727 3428 παρ’
743 3346 814 3429 ήρῖν
831 3343 927 3429 ἔχεις,
951 3345 1003 3428 τήν
1027 3344 1061 3406 δὲ
1083 3344 1204 3428 ψυχὴν
1222 3344 1303 3427 παρὰ
1321 3348 1384 3413 τοῖς

217 3445 387 3526 πολεμίοις,

283 3565 312 3631 V
337 3565 376 3629 12
404 3566 437 3628 τὸ
465 3568 519 3647 μὲν
549 3572 653 3650 σῶμα
682 3568 763 3650 παρά
792 3571 854 3636 τοῖς
883 3567 1119 3650 ὑποδεξαμένοις
1149 3566 1248 3653 ἔχειν,
1273 3568 1324 3652 τήν
1350 3568 1384 3631 δὲ

428 3668 436 3692 λ

219 3669 337 3754 ψυχήν
359 3692 441 3754 παρα
464 3675 527 3739 τοῖς
550 3670 789 3755 προπέμπουσιν.

285 3788 378 3855 Idem
400 3789 519 3873 legitur
540 3789 629 3875 apud
652 3792 750 3857 Isoen.
775 3790 886 3856 11151
917 3790 985 3853 ἀλλ’
1009 3792 1061 3856 ἐὰν
1085 3794 1135 3855 καὶ
1158 3794 1191 3855 τὸ
1215 3797 1320 3872 σῶμα
1344 3793 1386 3876 μὴ

218 3901 311 3979 παρή,
335 3894 388 3976 τήν
405 3895 579 3957 διάνοιαν
594 3895 645 3979 τήν
661 3895 738 3977 ἐμήν
755 3894 870 3957 οἰέσθω
893 3898 955 3963 τοῖς
979 3896 1165 3980 γιγνομένοις
1189 3897 1386 3983 παρεστάναι,

290 4176 311 4245 1)
330 4193 355 4230 v.
373 4174 575 4228 adnotationem
594 4192 655 4247 pag.
674 4179 690 4233 7
709 4175 863 4246 ascriptam.

287 4280 309 4347 ⁸)
329 4277 413 4332 XVII
438 4281 480 4343 23,
504 4279 530 4332 in
553 4277 675 4332 oratione
698 4296 715 4332 ιι
737 4278 871 4350 Dionysio
896 4280 956 4350 ipso
980 4298 1030 4350 pro
1055 4280 1148 4351 spuria
1170 4279 1262 4333 habita
1284 4279 1329 4349 (ef.
1353 4279 1385 4332 de

220 4366 401 4419 Demosthene
419 4383 478 4436 cap.
496 4368 551 4437 57),
568 4362 603 4420 τῦ
620 4364 670 4436 μὲν
685 4368 840 4429 πείθοντες,
859 4361 893 4420 τά
913 4364 944 4420 δὲ
962 4362 1129 4440 βιαζὸρενοι.

289 4451 361 4506 XXI
378 4457 414 4512 45
431 4450 480 4507 τὸν
498 4451 547 4522 μὲν
564 4453 714 4508 πεισθέντα
733 4495 740 4509 .
760 4496 766 4509 .
784 4494 807 4522 ,,
823 4449 873 4508 τὸν
891 4452 922 4509 δὲ
939 4453 1099 4524 βιασθέντα.
