3034 4984
676 340 712 405 ll

170 512 233 579 XV
260 513 295 579 Il
324 511 509 595 συναρμόσαι
531 510 583 575 καὶ
606 515 794 593 συναγαγεῖν,

171 624 238 689 XII
261 623 326 688 243
350 621 420 692 ποδς
443 619 736 706 παρακρουομένοος
759 622 811 683 καὶ
834 621 1145 705 παραλογιζομένοος.

173 743 268 822 Quae
296 742 576 809 annominotiones
611 745 647 806 ut
679 759 720 807 ne
751 747 879 809 nostres
908 739 1038 825 quidem
1066 742 1280 807 recentiorum

109 867 205 914 sores
228 846 408 929 offendunt,
431 846 479 912 ita
501 846 533 910 in
551 844 738 912 universum
753 845 946 931 Dionysium
968 865 1032 911 non
1054 845 1160 911 minus
1182 864 1279 928 quam

111 952 289 1018 lsooratem
311 969 443 1035 operam
466 947 607 1032 dedisse,
632 955 669 1014 ut
686 948 871 1031 Gorgianes
892 948 966 1015 illas
988 949 1107 1014 ritaret
1129 948 1279 1033 ineptias,

110 1075 189 1122 sene
205 1051 451 1122 eoncedendum
473 1058 532 1119 est.
569 1051 672 1118 Paulo
688 1051 929 1120 artifieiosiores
952 1051 1014 1119 hoe
1037 1050 1114 1116 mihi
1129 1049 1281 1117 videntur

110 1159 349 1244 superoperatus:

174 1269 271 1336 Dion.
287 1267 369 1334 VIII
390 1268 432 1333 33
455 1268 506 1330 καὶ
528 1265 610 1350 τάμὰ
633 1265 838 1350 παθήματα
860 1266 1093 1350 παιδεύματα
1116 1265 1278 1348 γενήσεται

111 1381 173 1444 τοῖς
197 1371 350 1458 ἅλλοιςῑ),

174 1484 257 1549 VIII
279 1483 322 1549 34
345 1480 527 1566 φιλοῦμέν
551 1503 583 1543 τε
606 1482 715 1550 πάντες
739 1480 776 1543 τὰ
800 1483 1039 1564 ὠφελοῦντα,

175 1593 225 1658 IX
240 1593 282 1658 47
304 1592 412 1676 παρεὶς
435 1592 469 1654 δὲ
491 1593 542 1654 καὶ
558 1590 649 1660 αὐτὸς
663 1591 785 1656 ἅπασαν
802 1590 957 1676 εἰρωνείαν
981 1588 1092 1675 ἔργου
1117 1587 1277 1672 ἄρξομαι,

175 1703 225 1768 XI
247 1703 269 1769 8
291 1703 342 1767 καὶ
365 1703 432 1785 περὶ
455 1702 670 1784 διαλλαγῶν
693 1702 976 1786 διαλεγόμενοι.

175 1811 300 1879 Eodem
323 1813 376 1878 vel
398 1812 493 1880 simili
509 1808 605 1877 modo
623 1809 687 1878 hae
702 1811 984 1879 annominotiones
999 1809 1088 1895 apud
1104 1811 1280 1877 Isocratem

112 1915 270 1985 formatae
293 1922 382 1983 sunt:

175 2028 209 2093 11
231 2028 274 2092 46
297 2026 326 2088 οἳ
348 2026 530 2111 φθονοῦσι
553 2026 608 2109 μὲν
631 2029 694 2096 τοῖς
718 2022 753 2089 τό
777 2029 977 2109 φρονοῦσι,

177 2148 221 2215 IV
248 2147 308 2215 186
331 2147 458 2231 φήμην
481 2148 531 2210 καὶ
555 2148 716 2232 μνήμην,

176 2268 227 2335 lx
241 2269 283 2334 45
305 2265 516 2349 ἡγούμενος
533 2272 592 2330 τῶν
608 2268 725 2350 ἡδονῶν
742 2266 811 2330 ἀλλ’
824 2268 880 2331 οὐκ
902 2268 1087 2350 ἀγόμενος
1110 2266 1282 2353 όπάδτῶν,

176 2389 244 2456 XII
270 2388 329 2454 155
353 2386 434 2471 παρὰ
456 2390 578 2451 πολλῶν
602 2386 707 2451 ἔσται
729 2387 934 2473 retentor,

176 2509 238 2576 XV
265 2509 304 2575 18
326 2507 396 2578 τοὺς
421 2509 455 2571 δὲ
479 2509 575 2593 μηδὲν
599 2508 815 2593 ἡμαρτηκότας
839 2510 966 2573 δοκεῖν
990 2509 1146 2572 ἀδικεῖν.

178 2631 327 2714 Denique
359 2629 496 2695 afferam
530 2628 842 2714 annominationem‚
883 2651 981 2714 quam
1016 2629 1206 2715 Dionysium
1239 2631 1282 2696 sb

114 2738 258 2804 Isocrate
280 2732 446 2800 delibasse
468 2732 540 2799 luoe
561 2770 605 2781 —
626 2739 663 2798 ut
684 2733 732 2799 its
755 2731 863 2799 diosm
887 2772 928 2781 —
950 2732 1069 2799 olarios
1092 2739 1157 2799 est:

178 2847 273 2913 Dion.
307 2844 406 2911 1119
440 2843 476 2907 οδ
510 2844 566 2927 γὰρ
601 2843 791 2928 ἀναβολὰς
825 2845 1024 2928 ποιησόμενοι
1057 2851 1125 2907 τῶν
1159 2851 1283 2908 κακῶν

115 2949 365 3034 συνεληλύθαμεν
388 2947 458 3010 ἀλλ’
481 2947 705 3029 ἀπαλλαγάς
729 2982 769 2994 -·
793 2953 827 3012 et

178 3060 277 3126 Isoor.
292 3058 374 3125 VIII
395 3058 437 3123 25
461 3057 534 3141 μηδ’
557 3059 750 3145 ἀναβολὴν
775 3055 844 3120 ἀλλ’
867 3056 1088 3141 ἀπαλλαγὴν
1111 3058 1283 3141 εόρήσομέν

115 3187 178 3227 τινα
201 3170 271 3227 τῶν
294 3168 418 3226 κακῶν
441 3168 509 3226 τῶν
532 3160 730 3246 παρόντων.

177 3274 349 3341 Leviorem
375 3272 464 3339 illem
492 3271 765 3339 annominationis
792 3271 939 3356 sormam,
968 3289 1065 3355 quom
1087 3272 1284 3338 recentiores

115 3377 364 3443 siliterstionem
379 3377 558 3462 appeliant,
579 3378 712 3443 missam
727 3375 858 3458 faeiem,
875 3394 1072 3459 quamquam
1087 3393 1152 3440 non
1167 3374 1285 3442 desunt

116 3480 185 3548 eius
207 3481 360 3565 exempla
382 3479 472 3565 apud
495 3487 663 3564 utrumque
686 3478 887 3564 seriptorem,
911 3480 1000 3547 velot

178 3591 275 3657 Dion.
298 3589 343 3655 IV
366 3590 387 3654 8
410 3590 455 3660 οἷς
478 3592 623 3676 πονηρόν
647 3592 702 3674 μὲν
724 3589 824 3673 γένος,
846 3593 990 3675 πονηραὶ
1014 3590 1048 3652 δὲ
1073 3591 1196 3674 τροφαὶ,
1222 3611 1286 3651 πο·

116 3696 224 3758 λιτικδν
247 3695 282 3757 δὲ
305 3694 356 3757 καὶ
379 3693 500 3777 μέτριον
524 3693 613 3757 οὐδὲν
636 3693 806 3776 ἐξεγένετο,

179 3804 265 3870 1129
288 3805 366 3887 μήτε
382 3805 507 3888 φράζειν
524 3804 628 3889 ἕτερον
643 3804 753 3887 ἑτέρῳ,
779 3801 869 3865 πότε
893 3805 943 3868 καὶ
966 3806 1041 3871 πῶς
1065 3802 1116 3868 καὶ
1140 3807 1209 3867 ποῶ
1227 3848 1234 3864 .
1252 3848 1285 3865 ..

117 3908 311 3993 ἑπιθήσεταις

179 4037 254 4083 nem
278 4016 361 4085 haee
382 4037 424 4084 ex
448 4019 592 4085 [soorste
614 4039 657 4085 en
680 4036 722 4084 ex
744 4017 810 4083 alio
832 4017 975 4103 quodam
998 4020 1156 4105 scriptore
1181 4038 1224 4085 err
1246 4036 1288 4083 ex

116 4141 174 4189 suo
196 4121 327 4205 ingenio
349 4124 527 4208 sumpserit
547 4122 723 4209 Dionysius
744 4160 788 4170 —
810 4124 883 4206 quis
906 4122 1088 4191 diiudicare
1111 4122 1245 4205 potest?

116 4245 316 4253 ——ma-—n

185 4292 205 4360 ¹)
226 4290 305 4344 Haud
324 4292 381 4345 scio
400 4310 434 4346 an
452 4293 530 4347 Dion.
545 4292 595 4346 hoe
614 4310 646 4345 ex
666 4292 807 4346 Herodoto
828 4294 838 4346 1
859 4300 910 4355 207
928 4290 962 4349 τὰ
983 4294 1013 4348 δέ
1032 4314 1081 4364 μοι
1099 4286 1289 4360 παθήματα

115 4374 149 4432 τό
166 4373 249 4433 δόντα
267 4373 384 4447 όχόριτο
401 4375 592 4450 μαθήματα
609 4378 704 4451 γέγονε
726 4384 873 4452 sumpserit
891 4392 926 4447 et,
945 4399 1003 4437 cum
1023 4381 1089 4437 hoec
1108 4379 1290 4437 annominrtio

116 4466 138 4518 εἰ
158 4465 277 4537 putidior
294 4465 437 4532 videretur,
455 4469 538 4522 verbs
556 4468 706 4522 meuserit.
