3034 4984
787 386 828 452 20

286 555 360 624 Non
383 554 499 623 desere
522 558 613 624 bonis
635 558 797 642 imperare
819 557 922 623 malos
943 557 1080 640 legimns
1095 556 1185 643 apud
1202 556 1393 643 Dionysium

223 660 273 724 III
299 662 337 726 10
366 660 409 729 τίς
440 661 497 743 γὰρ
527 661 675 730 ἑκουσίως
704 659 862 744 ἄρχεται
890 667 960 723 τῶν
987 661 1210 746 κρειττόνων
1237 660 1302 723 tet
1331 664 1393 723 τοῦ

223 765 417 849 χείρονος,

287 884 334 949 VI
356 886 398 950 60
428 884 495 946 όσοι
519 883 574 947 οὐκ
604 883 723 952 ἀξιοῦτε
752 885 973 968 κρείττονες
1002 884 1084 955 όντες
1115 886 1183 948 ὑπὸ
1212 884 1394 970 χειρόνων

222 988 429 1072 ἄρχεσθαι,

286 1109 367 1175 VIII
390 1110 428 1173 31
460 1107 565 1171 ἔπειτα
595 1110 638 1178 είς
667 1109 810 1192 τοιαύτην
839 1109 959 1177 ἀξιοῦτέ
989 1134 1027 1193 με
1056 1110 1216 1173 κατελθεῖν
1242 1110 1335 1186 πόλιν,
1365 1111 1395 1172 ἐν

221 1207 303 1296 risi
326 1217 498 1297 κρεῖττον
521 1211 615 1295 μέρος
640 1212 695 1274 ότιδ
718 1217 772 1275 τοῦ
797 1212 972 1297 χείρονος
996 1212 1171 1298 ἄρχεται,

288 1331 377 1418 apud
410 1333 509 1399 Isocr.
538 1333 570 1397 II
601 1334 641 1397 14
675 1334 703 1395 εἰ
735 1334 831 1395 δεινόν
866 1335 996 1415 ἡγήσαιο
1030 1334 1103 1404 τοός
1137 1333 1291 1419 χείρους
1326 1341 1395 1397 τῶν

226 1436 428 1522 βελτιόνων
452 1436 601 1519 ἄρχειν,

290 1555 377 1640 quod
400 1558 515 1622 iterum
538 1556 656 1638 legitur
677 1556 739 1622 XV
763 1556 814 1622 72.
903 1636 905 1639 ι

287 1676 415 1754 Quanto
431 1676 543 1742 melior
559 1676 602 1741 sit
617 1675 790 1742 eoncordia
805 1696 903 1761 quam
919 1677 1082 1746 discordia
1094 1679 1221 1765 Appius
1233 1680 1391 1747 claudius

223 1779 327 1864 docet,
359 1800 430 1846 oum
459 1779 538 1845 dicit
565 1778 655 1864 apud
683 1779 778 1846 Dion.
803 1780 865 1846 VII
892 1782 933 1847 53
968 1783 1108 1864 ἀγαθὸν
1136 1784 1191 1864 μὲν
1220 1783 1393 1865 ὁμόνοια,

223 1886 343 1947 δεινόν
367 1885 401 1946 δὲ
426 1887 575 1967 στάσις,

289 2004 375 2089 quod
403 2006 507 2071 isdem
535 2003 603 2070 fere
632 2005 741 2070 verbis
770 2011 880 2071 exstat
907 2005 997 2091 apud
1019 2006 1118 2073 Isoor.
1141 2005 1256 2072 XVIII
1278 2008 1321 2072 44
1344 2010 1395 2071 καὶ

225 2110 283 2193 μὴν
318 2109 353 2171 οδ
388 2110 436 2171 δεῖ
463 2107 489 2187 γ’
512 2108 590 2191 ὑμᾶς
620 2110 690 2191 παρ’
712 2107 826 2191 ἑτέρων
861 2111 981 2191 μαθεῖν,
1017 2109 1088 2172 ὅσον
1122 2110 1202 2173 ἐστὶν
1236 2110 1395 2191 όμόνοια

223 2212 368 2291 α’γαθδν
391 2211 410 2293 ἢ
435 2213 562 2279 στάσις
586 2211 715 2288 κακόν,

288 2332 454 2397 Summum
476 2332 597 2397 malurn
620 2352 692 2398 esse
714 2332 871 2398 invidiam
899 2332 989 2418 apud
1011 2340 1181 2417 utrumque
1204 2334 1395 2419 scriptorem

223 2437 374 2520 legistas:

287 2557 381 2623 Dion.
410 2556 459 2620 XI
490 2556 529 2623 l8
559 2558 610 2619 καὶ
644 2556 785 2640 φθόνου
816 2559 1057 2642 κακοδαίμονος,
1091 2557 1123 2627 δς
1159 2558 1214 2621 οὐκ
1248 2558 1290 2643 ἑοῖ
1324 2559 1395 2629 τοὺς

224 2662 384 2746 ἔχοντας
408 2660 498 2723 αὐτόν
522 2665 698 2744 σωφρονεῖν.

286 2783 384 2848 Isoor.
401 2781 485 2846 lxo
509 2784 623 2844 τούτων
639 2781 666 2842 δ’
682 2781 778 2851 αἴτιος
802 2782 818 2845 ό
841 2782 997 2866 φθόνος,
1023 2779 1048 2866 ᾤ
1065 2786 1154 2845 τοῦτο
1174 2781 1263 2865 μόνον
1280 2783 1395 2864 οὶγαθδν

223 2885 389 2968 πρόσεστιν,
415 2884 459 2946 ότι
483 2885 624 2966 μέγιστον
646 2886 739 2946 κακόν
763 2888 824 2953 τοῖς
848 2883 1007 2969 ἔχουσίν
1031 2886 1155 2965 eoam).

288 3006 353 3072 Eos
382 3007 436 3089 qui
463 3005 536 3071 aliis
564 3005 725 3091 imperare
752 3006 862 3091 velint,
891 3009 981 3092 ipsos
1008 3004 1128 3071 liberos
1152 3024 1224 3071 esse
1246 3013 1396 3091 oportere

224 3109 303 3175 dicit
326 3116 358 3174 et
380 3110 475 3176 Dion.
499 3108 544 3173 IV
567 3109 609 3174 82
637 3109 791 3192 αἰσχρόν
821 3133 853 3172 τε
878 3105 1083 3173 Οὐολούσκων
1111 3109 1161 3172 καὶ
1185 3108 1321 3195 Σαβίνων
1345 3112 1394 3173 καὶ

224 3214 336 3298 μορίων
365 3212 466 3276 ἄλλων
494 3213 625 3297 ἄρχειν
654 3211 796 3291 ἀξιοῦν,
832 3211 943 3282 αὐτοὺς
979 3214 1013 3276 δὲ
1043 3213 1245 3280 δουλεύοντας
1276 3213 1394 3298 ἑτέροις

224 3315 397 3398 ὑπομένειν,

287 3443 320 3501 et
348 3436 446 3502 Isoor.
476 3436 521 3501 VI
550 3435 591 3500 94
625 3438 778 3520 αἰσχρόν
813 3436 868 3520 γὰρ
903 3435 974 3504 τοὺς
1009 3435 1115 3520 άρξαι
1150 3441 1209 3498 τῶν
1233 3432 1393 3520 Ἑλλήνων

224 3539 455 3608 ἀξιωθέντας
480 3539 611 3621 ὀφθῆναι
635 3541 667 3602 τὸ
690 3540 951 3623 προσταττόμενον
975 3543 1146 3608 ποιοῦντας.

288 3661 441 3744 Magnam
466 3679 538 3726 esse
561 3660 692 3725 laudem
714 3660 747 3724 in
771 3661 867 3726 rebus
891 3657 1041 3725 secundis
1058 3660 1306 3744 temperantiam
1329 3679 1394 3726 ser·

223 3784 301 3830 vare
324 3764 460 3845 legimus
484 3770 517 3829 et
538 3762 627 3848 apud
651 3764 746 3828 Dion.
770 3763 816 3827 VI
841 3765 880 3828 19

288 3885 464 3968 μέγιστον
489 3882 564 3946 εἶναι
588 3883 684 3966 λόγων
708 3885 860 3967 ἐγκώμιον
884 3884 986 3965 ὥσπερ
1016 3883 1082 3953 ἑνός
1106 3885 1213 3968 ἀνδρὸς
1238 3884 1319 3946 οὕτω
1342 3885 1392 3947 καὶ

223 3987 341 4056 πόλεως
366 3988 452 4069 όλης,
477 3989 504 4050 εί
527 3989 573 4070 μὴ
598 3987 899 4070 διαφθαρήσεται
921 3990 1000 4055 ταῖς
1027 3986 1263 4071 εὐπραγίαις,

226 4112 425 4121 —...-—--———

292 4159 312 4225 1)
326 4156 427 4209 Durius
439 4157 557 4210 tortasse
571 4156 703 4228 Dionysio
715 4162 774 4219 τοῖς
786 4154 893 4223 ἔχουσιν
904 4155 978 4209 nullo
992 4155 1096 4209 obiecto
1107 4157 1234 4228 apposito
1244 4155 1392 4222 videbatur,

223 4247 313 4315 itaque
337 4239 422 4298 αὐτόν
447 4252 510 4314 post
532 4238 597 4307 τοὺς
620 4242 731 4312 ἔχοντας
754 4243 880 4307 inseruit;
908 4254 962 4308 aut,
991 4243 1064 4314 quod
1087 4244 1254 4315 probabilius
1279 4243 1392 4309 videtur,

222 4330 405 4398 κακοφωνίαν
424 4330 528 4384 duabus
552 4331 648 4385 litteris
666 4347 681 4384 o
701 4332 726 4384 in
746 4331 836 4384 verbis
855 4329 966 4399 ἔχοντας
985 4336 1143 4398 σωφρονεῖν
1156 4349 1185 4385 se
1196 4330 1391 4401 excipientibus

223 4418 343 4472 effectam
366 4418 450 4470 vitare
474 4417 566 4481 voluit,
590 4417 662 4488 quod
687 4418 790 4489 antiqui
810 4417 931 4470 rhetores
949 4419 1150 4489 praecipiebant
1168 4419 1212 4489 (of.
1231 4419 1308 4472 Dion.
1328 4419 1391 4488 περὶ

223 4503 379 4568 συνθέσεως
398 4498 544 4574 ὀνομάτων
562 4509 608 4567 54;
628 4503 740 4568 Quintil.
753 4504 795 4558 IX
807 4510 833 4570 4,
846 4506 898 4573 37).
