3034 4984
718 368 848 468 „n

299 537 393 619 Quod
420 562 462 608 ex
491 543 588 609 Isoor.
614 542 693 608 VIII
722 543 763 608 95
793 544 845 624 τἠν
872 540 928 623 γὰρ
957 540 1111 604 πολιτείαν
1136 588 1144 605 .
1167 587 1175 601 .
1198 586 1205 602 .
1229 537 1342 623 ταύτην
1372 539 1402 601 ἐν

235 646 326 728 ὀλίγῳ
349 646 449 731 χρόνῳ
473 649 660 709 σαλεῦσαι
682 648 732 709 καὶ
757 645 885 727 λυθῆναι
907 644 989 727 παρὰ
1014 645 1117 726 μικρὸν
1141 644 1286 724 ἐποίησεν

299 747 432 815 fluxisse
455 749 532 815 mihi
554 749 692 833 videtur,
717 771 789 816 curn
812 748 894 815 haec
916 748 1086 814 translatio
1109 767 1213 831 neque
1235 746 1325 831 apud
1340 747 1403 813 De·

234 852 433 919 mosthenem
446 874 550 936 neque
561 852 650 938 apud
661 854 760 919 alium
773 853 873 919 ullum
885 859 1044 919 oratorem
1056 851 1199 917 Atticum
1210 851 1402 916 inveniatur.

301 962 387 1028 Sane
402 963 571 1029 fatendum
585 972 644 1031 est
666 965 751 1031 hanc
768 964 1013 1030 translationem
1036 1000 1077 1010 -
1100 962 1184 1028 siout
1204 962 1298 1045 alias,
1322 981 1403 1044 quas

234 1065 392 1133 allaturus
415 1087 485 1133 sum
509 1105 549 1115 -
573 1068 671 1134 etiarn
695 1067 784 1155 apud
807 1074 921 1152 poetas
945 1067 1095 1150 antiquos
1118 1067 1150 1130 in
1174 1086 1233 1131 usn
1248 1064 1401 1149 suisse31)

234 1169 293 1234 sed
318 1189 390 1236 cum
413 1172 562 1256 sciamus,
586 1192 682 1254 quam
706 1178 858 1238 accurate
881 1191 921 1236 ac
944 1164 1115 1253 diligenter
1132 1169 1310 1253 Dionysius
1334 1189 1403 1234 ora-

234 1279 320 1338 tores
332 1274 458 1340 Atticos
469 1275 582 1341 iterum
594 1283 691 1360 atque
703 1277 818 1341 iterum
830 1275 1013 1360 perlegerit,
1032 1274 1150 1339 oratori
1162 1272 1292 1338 cuidam
1306 1293 1403 1356 quam

233 1383 350 1461 poetae
373 1397 444 1443 eam
461 1377 581 1444 debere
598 1380 788 1464 Dionysium
803 1379 880 1443 mihi
896 1377 1025 1461 quidem
1041 1376 1246 1443 verisimilius
1261 1374 1400 1441 videtur.

297 1488 377 1552 Rem
405 1489 567 1573 publicam
595 1497 724 1576 spectat
750 1489 832 1555 haec
860 1508 987 1573 quoque
1015 1488 1184 1554 translatio
1211 1507 1232 1551 a
1259 1485 1403 1571 corporis

232 1589 363 1656 humani
387 1592 596 1659 similitudine
619 1601 749 1679 sumpta

296 1701 391 1766 Dion.
408 1703 458 1768 III
477 1705 512 1769 11
539 1705 555 1766 ό
571 1704 598 1766 δ’
611 1702 706 1772 ἄλλος
722 1702 818 1787 ὄχλος
843 1709 945 1787 σῶμα
969 1708 1032 1785 τῆς
1056 1700 1202 1769 πόλεώς
1219 1702 1299 1763 ἐστιν
1316 1699 1402 1783 ἰσχύν

231 1805 281 1868 καὶ
305 1807 428 1889 δύναμιν
452 1813 514 1876 τοῖς
539 1805 746 1892 βουλευθεῖσιν
771 1807 827 1869 ύπδ
851 1812 909 1869 τῶν
933 1805 1100 1889 κρατίστων
1123 1804 1347 1888 παρεχόμενος,

296 1934 381 1997 quae
404 1916 496 1999 quasi
520 1916 714 1999 explanatur
736 1915 798 1983 hoc
821 1916 892 1983 loco

296 2025 324 2089 V
353 2026 394 2091 67
428 2032 530 2110 ψυχῇ
564 2027 617 2107 μὲν
648 2027 756 2110 ἀνδρὸς
785 2028 935 2109 ἀνάλογον
964 2026 1100 2110 ἐχούσης
1136 2048 1163 2086 τι
1192 2029 1245 2107 τῆς
1276 2026 1402 2106 βουλῆς,

233 2131 376 2211 σώματι
398 2130 432 2191 δὲ
455 2133 509 2191 τοῦ
534 2130 643 2210 δήμου.

296 2237 420 2304 Eadem
436 2240 595 2323 reperitur
610 2238 700 2325 apud
715 2240 814 2307 Isoor.
832 2240 894 2304 VII
913 2241 951 2304 14
975 2237 1039 2302 ἔστι
1055 2239 1092 2320 acl
1133 2239 1231 2322 ψυχὴ
1255 2236 1401 2306 πόλεως

232 2343 320 2407 ούδὲν
350 2343 452 2426 ἕτερον
480 2346 499 2427 ἢ
528 2344 675 2420 πολιτεία,
703 2344 853 2426 τοσαύτην
877 2343 995 2428 ἔχουσα
1019 2341 1153 2426 δύναμιν,
1182 2342 1256 2424 ὅσην
1286 2364 1342 2422 περ
1372 2341 1403 2404 ἐν

233 2449 350 2530 σώματι
374 2445 529 2528 φρόνησις.

295 2568 379 2633 quae
391 2549 560 2614 translatio
573 2550 602 2614 ei
615 2557 784 2636 tantopere
796 2550 928 2635 placuit,
943 2556 978 2615 ut
991 2569 1063 2615 eam
1076 2550 1141 2614 XII
1157 2549 1400 2634 increpatores.

297 2659 376 2725 Cum
399 2659 493 2726 Dion.
518 2660 601 2724 XIX
627 2659 665 2727 18
694 2660 797 2724 οὐκέτι
820 2660 987 2741 θαυμάζειν
1012 2660 1178 2743 ἐπέρχεταί
1206 2682 1268 2743 μοι,
1297 2659 1346 2721 διὰ
1376 2657 1404 2720 τί

230 2762 409 2848 περιβόητος
431 2765 450 2845 η
467 2763 551 2833 πόλις
573 2764 656 2844 ὑμῶν
673 2765 734 2826 ἐστι
754 2811 827 2840 ...,
850 2763 995 2827 τοιούτων
1012 2764 1129 2845 ἀνδρῶν
1147 2759 1225 2824 οὖσα
1241 2763 1399 2845 τροφός,

296 2864 444 2932 conferas
460 2867 558 2933 Isoor.
575 2867 620 2930 IV
637 2866 677 2932 25
702 2866 804 2948 μόνοις
821 2868 876 2951 γὰρ
899 2869 969 2950 ἡμῖν
984 2874 1042 2928 τῶν
1053 2862 1213 2949 Ἑλλήνων
1236 2868 1288 2946 τὴν
1307 2865 1400 2947 αὐτὴν

231 2971 367 3054 τροφδν
396 2971 447 3033 καὶ
475 2972 604 3054 πατρίδα
632 2973 683 3034 καὶ
707 2969 825 3055 μητέρα
849 2969 979 3033 καλέσαι
1001 2971 1161 3053 προσήκει,
1192 2975 1225 3035 et
1247 2969 1314 3034 XII
1341 2968 1400 3034 125

232 3074 281 3136 καὶ
306 3073 417 3157 ταύτην
441 3072 569 3158 ἔχοντας
594 3076 648 3156 τὴν
671 3078 776 3157 χώραν
800 3073 952 3156 τροφὸν,
979 3072 1010 3141 ἐξ
1033 3072 1130 3156 ἧσπερ
1155 3071 1282 3157 ἔφυσαν.

240 3214 243 3219 ·
296 3182 416 3248 Vocem
439 3185 551 3266 τροφός
575 3184 812 3251 Demosthenes
835 3182 965 3267 quidem
988 3182 1182 3266 nonhabet,
1208 3202 1272 3248 non
1295 3186 1400 3267 magis

231 3305 328 3369 quam
351 3286 435 3352 hanc
455 3287 709 3371 translationem,
733 3307 831 3371 quam
846 3288 983 3370 legimus
998 3286 1088 3371 apud
1104 3287 1199 3351 Dion.
1215 3286 1261 3351 VI
1277 3288 1297 3351 9
1313 3288 1400 3350 πόλει

230 3393 271 3473 τηῙ
283 3390 446 3473 γειναμένῃ
461 3393 644 3474 τροφείων
656 3393 774 3461 δικαίας
788 3390 959 3474 ἀπαιτούσῃ
978 3394 1104 3475 χάριτας
1121 3392 1399 3466 ἀποδώσοντες,

295 3500 340 3565 VI
364 3500 403 3564 71
429 3499 517 3563 ἄπιτε
541 3502 701 3585 χαίροντες
726 3503 770 3571 εἷς
795 3502 847 3584 τὴν
870 3499 1048 3583 γειναμένην
1072 3524 1105 3563 τε
1128 3503 1179 3563 καὶ
1202 3500 1398 3586 θρεψαμένην

231 3604 309 3685 ύμάς
333 3602 428 3680 πόλιν,
454 3599 478 3686 ηῙ
502 3607 661 3687 τροφεῖά
684 3628 717 3667 τε
740 3607 791 3667 καὶ
813 3606 939 3688 χάριτας
963 3602 999 3665 ού
1019 3603 1155 3686 χρηστὰς
1179 3605 1399 3679 ἀπεδίδοτε,

294 3712 327 3772 et
350 3705 438 3792 apud
462 3708 559 3774 Isour.
584 3707 629 3772 VI
656 3707 716 3773 108
743 3706 1014 3790 παρακαλέσαντες
1043 3704 1093 3768 οὖν
1122 3708 1275 3790 ἀλλήλους
1306 3709 1400 3770 ἀπο·

231 3811 353 3890 δῶμεν
376 3809 417 3872 toi
441 3816 598 3894 τροφεῖα
623 3814 663 3895 tri
686 3807 852 3896 carpturi).

299 3980 319 4045 1)
340 3977 375 4032 cl.
394 3977 479 4047 Soph.
499 3978 565 4033 Oed.
584 3980 616 4033 R.
635 3996 662 4033 ν.
677 3983 709 4036 22

299 4062 379 4126 πόλις
397 4062 459 4134 γάρ,
478 4059 569 4132 ὥσπερ
587 4062 689 4129 νισιύτός
707 4065 825 4138 εἰσορᾷς,
845 4059 917 4134 ἄγαν
933 4059 985 4135 ἤδη
1006 4061 1140 4120 σαλεύει
1159 4107 1205 4119 ...

300 4151 386 4221 Soph.
406 4152 502 4223 Antig.
520 4170 549 4207 v.
565 4158 612 4211 162
634 4147 754 4223 Ἄνδρες,
772 4146 806 4206 συὶ
824 4149 924 4222 μὲνδὴ
943 4149 1042 4216 πόλεος
1059 4148 1191 4220 ἀσφαλῶς
1212 4157 1286 4223 θεοί,
1309 4158 1398 4229 πολλῷ

230 4235 317 4307 coilo)
338 4241 484 4309 σείσαντες,
503 4233 645 4309 ὤρθωσαν
662 4239 754 4295 πόλιν.

298 4327 319 4393 ⁹)
338 4325 438 4379 Eadem
458 4328 598 4380 translatio
622 4329 701 4381 etiarn
727 4326 798 4397 apud
817 4327 969 4399 Lycurgum
987 4331 1021 4387 53
1047 4336 1148 4393 exstat;
1173 4337 1262 4382 tamen
1286 4331 1398 4384 Isocrati

230 4429 287 4465 eam
307 4412 403 4466 debere
422 4413 581 4484 Dionysium
601 4432 759 4485 persuasum
779 4415 872 4475 habeo,
898 4433 956 4467 oum
982 4433 1015 4468 ex
1040 4416 1161 4469 oratione
1180 4418 1236 4469 eius
1257 4416 1304 4481 Vl,
1330 4436 1398 4489 qnae

231 4500 384 4553 inscribitur
404 4501 590 4565 Archidamus,
609 4502 770 4572 permultum
790 4502 816 4555 in
835 4521 912 4556 usum
931 4522 1008 4556 suum
1027 4505 1189 4557 converterit
1207 4503 1363 4574 Dionysius.
