3034 4984
626 257 828 355 „IL

213 432 277 497 Ism
298 430 465 515 agendum
487 434 538 496 est

389 549 456 618 111.
480 549 528 618 de
551 548 687 618 verbis
711 568 758 618 ac
781 548 1063 618 locutionibus.

211 709 255 773 Ac
276 707 417 792 primum
439 705 569 789 quidem
594 703 848 788 contemplemur

505 865 535 910 a.
558 842 756 910 vocabula
779 841 955 924 singula,

207 986 290 1050 quac
312 987 354 1032 ex
378 966 523 1032 Isocrate
546 962 724 1048 sumpsisse
747 961 939 1047 Dionysium
962 962 1137 1028 verisimile
1159 964 1211 1029 sit.

208 1089 320 1172 Itaque
353 1107 418 1153 non
452 1105 562 1152 eorum
596 1084 693 1151 modo
721 1083 953 1149 vocabulorum
981 1084 1138 1149 rationem
1172 1084 1310 1166 habebo,

146 1211 225 1274 quae
256 1190 347 1276 opud
381 1195 508 1257 ceteros
542 1188 726 1274 scriptores,
760 1207 840 1270 quos
870 1187 1062 1272 Dionysium
1096 1193 1173 1254 unte
1202 1188 1311 1254 oculos

145 1294 294 1362 habuisse
310 1293 508 1360 credendum
524 1300 583 1377 est,
608 1292 736 1359 omnino
756 1311 821 1356 non
836 1297 977 1374 exstant,
1001 1289 1174 1356 sedetiam
1191 1311 1310 1374 eorum,

144 1417 225 1481 quae
246 1396 338 1483 apud
360 1416 417 1464 eos
440 1412 513 1462 raro
535 1396 588 1461 vel
604 1396 740 1462 obscuro
761 1393 903 1478 quodam
924 1394 1005 1477 loco,
1029 1392 1119 1478 apud
1135 1396 1310 1461 Isocratem

143 1502 271 1586 saepius
294 1500 347 1566 vel
368 1500 486 1583 insigni
509 1500 579 1566 loco
602 1500 763 1582 leguntur.

592 1681 619 1743 1.
642 1676 866 1743 Substantivu.

203 1799 332 1881 ὄγκος,
357 1820 421 1865 vox
435 1800 565 1885 poetica
580 1818 620 1864 ec
635 1817 721 1880 rara,
738 1797 835 1863 Dion.
850 1799 901 1863 III
919 1799 955 1864 11
982 1798 1050 1860 ἀλλ’
1066 1799 1085 1880 ἡ
1103 1801 1158 1880 μὲν
1175 1798 1310 1881 ὑμετέρα

140 1904 222 1974 πόλις
248 1904 309 1966 ἀπὸ
337 1904 477 1987 μείζονος
499 1904 680 1987 αὐχήματος
703 1948 761 1963 ...
785 1901 827 1969 εἰς
850 1902 998 1966 ἐλάττονα
1022 1900 1131 1982 ὄγκον
1156 1906 1310 1983 συνῆκται,

140 2007 183 2072 111
211 2006 263 2090 26,
299 2006 382 2071 XIX
413 2007 461 2071 17.
517 2004 615 2090 Apud
649 2004 900 2070 Demosthenem
938 2011 1062 2070 tantum
1097 2005 1130 2069 in
1164 2004 1310 2072 oratione

139 2111 250 2195 spuria
274 2109 324 2174 XI
346 2111 376 2193 8,
406 2109 494 2194 apud
523 2115 648 2176 ceteros
670 2115 815 2174 oratores
839 2107 965 2175 Atticos
988 2129 1050 2173 non
1073 2114 1190 2191 exstat,
1220 2108 1310 2193 apud

139 2214 235 2281 Isocr.
250 2214 285 2278 in
307 2212 452 2279 oratione
472 2212 570 2278 valde
588 2211 744 2296 lectitata,
769 2231 963 2295 quamquam
980 2231 1052 2276 eam
1068 2213 1221 2278 Isocratis
1237 2231 1309 2279 esse

138 2317 294 2384 omultis
324 2317 557 2383 recentioribus
589 2322 736 2399 negatur,
771 2316 866 2398 1303
899 2321 1072 2400 praeterea
1100 2315 1161 2380 XV
1189 2315 1246 2380 133
1277 2326 1310 2382 et

138 2424 231 2507 epist.
256 2420 302 2485 IV
326 2421 356 2485 5.

200 2541 407 2615 αὐθάδεια,
435 2560 531 2623 quam
559 2559 671 2606 vocem
694 2540 932 2607 Demosthenes
961 2561 1024 2606 non
1047 2539 1190 2624 adhibet,
1220 2541 1308 2625 apud

140 2645 232 2711 Dion.
256 2644 303 2709 IV
318 2644 348 2727 9,
372 2644 418 2708 IV
435 2645 486 2727 36,
510 2643 556 2708 VI
579 2644 631 2726 71,
654 2643 704 2708 IX
721 2646 772 2727 53,
796 2645 885 2728 apud
908 2646 1006 2710 Isocr.
1030 2644 1076 2708 VI
1092 2644 1308 2726 981egitur1).

200 2767 402 2847 ἐπιφάνεια
442 2763 564 2830 hahent
597 2764 691 2829 Dion.
724 2765 771 2829 IV
804 2764 855 2847 26,
895 2764 941 2829 VI
968 2764 1018 2847 52,
1049 2765 1100 2848 54,
1140 2764 1307 2831 Demosth.

138 2868 214 2934 LXI
231 2868 283 2951 26,
307 2888 403 2951 quam
426 2869 603 2935 orationem
626 2869 770 2953 spuriam
786 2887 859 2934 esse
879 2874 1015 2949 constat,
1041 2869 1155 2934 Isaeus
1171 2869 1234 2933 VII
1257 2870 1305 2953 13,

140 2974 235 3039 lsoer.
260 2972 305 3037 v1
331 2972 401 3054 104,
425 2971 457 3036 X
483 2973 531 3038 17.

201 3093 387 3174 ἰσονομία,
401 3113 484 3175 quae
496 3115 559 3160 vox
572 3094 661 3178 opud
673 3092 883 3175 Herodotum,
893 3091 1130 3176 Thucydidem,
1140 3094 1308 3159 Platonem

139 3197 264 3281 legitur,
288 3194 377 3279 opud
393 3196 644 3262 Demosthenem
661 3196 762 3279 deest,
789 3194 909 3261 habent
925 3196 1019 3259 Dion.
1036 3196 1082 3260 IV
1098 3196 1139 3259 72
1163 3198 1306 3263 etIsocr.

140 3299 200 3364 VII
223 3300 276 3381 20,
299 3298 365 3363 XII
392 3300 460 3365 178.

202 3420 238 3481 αἱ
262 3419 478 3501 εὐπραγίαι,
495 3419 581 3506 quod
599 3427 707 3487 exstat
722 3419 812 3504 apud
829 3417 1056 3504 Thucydidem
1078 3427 1110 3486 et
1126 3422 1305 3506 Plutonem,

141 3525 181 3589 cb
192 3522 373 3590 oratoribus
386 3524 502 3591 Atticis
513 3544 577 3589 non
589 3523 772 3606 adhibetur,
785 3543 897 3588 verum
910 3529 944 3588 et
955 3542 976 3587 a
989 3524 1082 3590 Dion.
1092 3525 1161 3606 113,
1175 3524 1220 3589 VI
1228 3528 1257 3606 11,
1270 3527 1307 3589 19

18 3726 19 3731 ¹
142 3634 172 3693 et
193 3628 236 3692 cb
260 3626 357 3691 lsocr.
382 3627 444 3691 VII
472 3630 519 3710 13,
543 3627 623 3693 VIII
651 3628 719 3710 124,
747 3628 818 3709 145,
843 3626 889 3690 IX
914 3626 965 3708 42,
989 3626 1056 3691 XII
1079 3630 1130 3710 32,
1154 3628 1216 3693 XV
1239 3630 1306 3693 142.

203 3748 318 3829 ἀκμή,
348 3745 434 3829 quod
462 3767 483 3812 a
507 3746 724 3814 Demosthene
753 3752 881 3811 tantum
910 3746 951 3812 de
980 3755 1141 3814 momento
1165 3748 1304 3830 quodum

142 3849 291 3934 temporis
314 3848 441 3934 dicitur,
465 3849 555 3936 opud
571 3852 665 3917 Dion.
690 3857 722 3915 et
738 3850 837 3917 Isocr.
861 3870 962 3936 saepe
983 3858 1125 3917 aetutem
1141 3849 1304 3918 florentem

143 3953 275 4019 homiuis
298 3952 475 4037 significet,
497 3954 587 4020 velut

144 4077 287 4085 ——--

208 4124 229 4191 ¹)
252 4121 294 4175 Ex
318 4122 367 4176 hoc
391 4123 451 4175 loco
476 4124 606 4176 Isocratis
630 4123 790 4196 Dionysium
820 4144 911 4181 vocem
936 4124 1076 4182 αὐθάδεια
1101 4128 1249 4197 sumpsisse
1274 4148 1305 4181 eo

144 4209 200 4263 mibi
225 4209 391 4281 probabilius
415 4210 452 4274 fit,
477 4210 550 4282 quod
575 4212 671 4282 iegitur
695 4211 775 4266 Dion.
796 4212 836 4266 IX
857 4220 891 4274 53
916 4211 971 4268 ἀλλ’
985 4210 1127 4269 αὐθάδεια
1149 4212 1199 4284 μὲν
1221 4209 1306 4282 irus·

144 4291 413 4365 pedemontanae,
440 4306 468 4350 et
491 4299 573 4352 Isocr·
595 4297 635 4350 VI
660 4304 694 4357 98
721 4306 783 4365 ταῖς
807 4301 831 4353 δ’
850 4299 1016 4366 αὐθαδείαις
1038 4300 1084 4355 καὶ
1107 4307 1168 4366 ταῖς
1191 4298 1306 4369 σεμνό-

144 4400 243 4453 τηου.
