3034 4984
812 336 853 401 26

731 426 933 435 ——.--—

249 506 303 571 σύν
320 508 396 589 ύμῖν,
421 509 540 574 vl132
564 508 616 570 σὺν
633 509 711 592 δίκγγ,
737 508 858 575 V1148
881 508 959 589 μετὰ
974 508 1091 571 πάντων
1107 531 1140 570 τε
1156 509 1206 570 καὶ
1224 506 1276 569 σὐν
1293 507 1422 588 ὀλίγοις,

248 611 327 677 VIII
357 614 378 680 8
407 612 459 675 σύν
491 614 567 695 ύμῖν,
597 612 678 677 VIII
701 611 744 676 24
772 610 825 674 σὺν
855 612 936 695 δίκγγ,
965 612 1046 677 VIII
1068 612 1109 676 32
1140 610 1192 673 σύν
1220 614 1282 679 τοῖς
1311 610 1422 680 ἄλλοις

247 714 420 798 multisque
443 715 516 781 aliis
538 715 628 782 locis.

312 839 394 904 νοῦς
418 836 507 920 apud
524 837 698 902 Isocratem
724 840 868 920 (praeter
891 834 1068 901 orationem
1093 835 1123 918 Ι)
1146 834 1208 900 nisi
1228 854 1302 900 cum
1317 836 1420 900 verbo

248 938 331 1021 ἔχειν
346 938 399 1003 vel
415 939 579 1023 προσέχειν
596 939 800 1005 coniunctum
817 959 880 1005 non
895 937 1057 1004 invenitur
1066 941 1104 1021 1);
1121 938 1206 1021 quod
1223 938 1419 1025 Dionysium

246 1062 310 1107 non
332 1041 492 1107 imitatum
514 1062 586 1108 esse
609 1062 651 1108 ex
673 1042 723 1109 his
745 1043 822 1108 licet
844 1061 1038 1127 cognoscere
1061 1042 1219 1127 exemplis

310 1164 360 1227 III
384 1163 425 1230 28
448 1166 474 1226 εἰ
498 1165 551 1247 μὲν
575 1162 627 1226 οὖν
650 1165 728 1226 κατὰ
751 1169 820 1227 νοδν
843 1167 862 1248 ἠ
886 1168 974 1247 πεῖρα
997 1163 1102 1231 αὐτοῖς
1127 1164 1251 1247 ἐχώρει,
1277 1163 1324 1228 IV
1347 1164 1366 1229 9
1390 1166 1419 1228 εἰ

247 1265 308 1350 δ’ἡ
332 1269 437 1350 πρώτη
461 1271 548 1349 πεῖρα
572 1272 634 1336 τοῖς
655 1267 779 1351 ἐχθροῖς
798 1268 934 1353 χωρήσει
957 1267 1036 1328 κατὰ
1058 1269 1137 1338 νοῦν,
1162 1264 1246 1331 ΙΧθ
1269 1267 1297 1329 εί
1313 1268 1418 1351 μέντοι

246 1370 393 1433 κάκείνων
417 1369 433 1431 ὁ
455 1369 528 1438 θεὸς
552 1369 600 1432 ἐπὶ
624 1370 661 1431 τὰ
684 1371 812 1452 κρείττω
835 1371 884 1432 τὸν
908 1374 977 1432 νοῦν
1001 1369 1079 1452 ἄγει,
1101 1369 1133 1434 Χ
1149 1368 1191 1435 28
1216 1368 1251 1431 ού
1274 1376 1331 1453 γὰρ
1354 1369 1416 1454 ἤδη

248 1472 412 1558 βαρβάροις
518 1474 561 1542 είς
585 1476 653 1535 νοῦν
677 1471 765 1556 ἦλθε.

311 1592 537 1668 ἐπιδιδόναι,
577 1593 663 1678 quod
697 1593 786 1679 apud
824 1595 1000 1659 Isocratem
1040 1593 1159 1675 ubique
1198 1593 1333 1657 verbum
1365 1591 1416 1655 in·

246 1695 450 1762 transitivum
471 1704 529 1779 est,
554 1703 586 1762 et
606 1719 626 1761 a
644 1696 862 1763 Demosthene
882 1702 916 1761 et
931 1718 951 1762 a
968 1696 1125 1782 Dionysio
1140 1717 1212 1762 cum
1228 1695 1417 1762 accusativo

246 1799 457 1883 coniungitur,
481 1800 571 1864 velut
596 1800 691 1866 Dion.
712 1800 740 1864 V
764 1801 805 1866 65
833 1801 869 1863 τὰ
890 1803 924 1863 δὲ
946 1800 1215 1884 superuenisse
1237 1799 1337 1883 ψυχὰς
1356 1848 1364 1862 .
1383 1848 1416 1863 ..

246 1904 381 1985 ἀφειδῶς
407 1904 450 1972 εἰς
474 1903 544 1973 τοὺς
568 1906 635 1987 περὶ
660 1903 753 1988 αὐτῆς
777 1903 931 1972 κινδύνους
956 1902 1145 1971 ἐπιδιδόντες.

310 2024 380 2088 Iam
410 2025 598 2107 quaestione
626 2024 667 2090 de
695 2025 804 2091 verbis
831 2024 966 2107 singulis
993 2024 1037 2089 ad
1065 2023 1161 2089 finem
1184 2023 1344 2109 perducta
1366 2044 1417 2090 se·

246 2127 354 2209 quitur
375 2133 411 2193 ut
432 2147 568 2211 agamm

624 2336 653 2401 b.
678 2335 724 2400 de
746 2335 1035 2418 locutionibus,

309 2476 391 2540 quas
413 2476 454 2521 ex
476 2457 620 2522 Isocrate
643 2456 772 2523 videtur
793 2456 973 2523 adscivisse
996 2456 1181 2541 Dionysius.

308 2577 497 2660 Dionysium
528 2578 613 2642 enim
640 2597 681 2643 ex
709 2578 749 2644 iis
777 2578 996 2662 scriptoribus,
1026 2597 1105 2659 quos
1134 2581 1167 2641 et
1193 2576 1266 2642 aliis
1295 2582 1328 2641 et
1350 2577 1415 2643 sibi

244 2679 418 2745 imitandos
440 2689 655 2765 proposuerat
676 2718 718 2727 -
740 2681 896 2765 imprimis
919 2682 1017 2764 igitur
1039 2700 1081 2746 ex
1097 2681 1278 2746 oratoribus
1293 2680 1412 2746 Atticis

244 2821 285 2831 -
308 2803 372 2848 non
399 2783 494 2849 modo
522 2783 642 2866 figuras
671 2792 823 2850 ornantes
850 2792 948 2868 atque
971 2784 1148 2849 sententias
1170 2783 1323 2866 insignes,
1352 2782 1412 2849 sed

245 2886 342 2952 etiam
379 2887 468 2971 ipsas
504 2887 683 2953 locutiones
726 2894 825 2972 atque
865 2888 1102 2954 enuntiationes
1139 2886 1341 2970 excerpsisse
1380 2892 1413 2952 et

243 2991 413 3056 occasione
443 2990 523 3056 data
550 2991 758 3075 orationibus,
787 3010 872 3076 quae
901 2992 934 3056 in
962 2989 1103 3056 historiis
1126 2991 1195 3055 eius
1217 2990 1337 3073 insunt,
1366 2993 1411 3055 in·

244 3095 384 3161 seruisse
418 3096 526 3162 multis
560 3096 716 3180 exemplis
750 3095 965 3161 demonstrari
999 3100 1115 3179 potest.
1167 3093 1325 3171 Quoniam
1360 3114 1409 3178 ea,

243 3218 327 3282 quae
350 3218 391 3264 ex
414 3198 632 3266 Demosthene
660 3200 798 3283 sumpsit
820 3199 1006 3283 Dionysius,
1035 3199 1100 3262 iam
1129 3197 1302 3262 aFlierlio
1331 3203 1365 3263 et
1391 3219 1412 3262 a

244 3301 434 3369 GoetzeIero
457 3302 593 3368 collecta
616 3309 700 3386 sunt,
724 3321 918 3385 quaeramus
941 3300 1018 3384 quid
1041 3300 1176 3366 Isocrati
1199 3299 1328 3366 debeat.

307 3423 485 3506 Neminem,
509 3424 563 3507 qui
587 3423 739 3491 Isocratis
763 3425 924 3490 orationes
947 3430 1070 3488 attente
1093 3422 1241 3507 perlegit,
1269 3423 1411 3505 effugere

243 3532 360 3611 potest,
385 3546 482 3609 quam
505 3546 605 3612 saepe
629 3528 661 3592 in
677 3527 820 3592 exordiis
837 3528 1015 3593 orationum
1038 3547 1116 3592 usus
1139 3527 1181 3593 sit
1195 3527 1410 3593 locutionibus

243 3632 421 3714 θαυμάζω
445 3638 502 3692 τῶν
519 3680 526 3695 .
544 3677 551 3691 .
570 3680 576 3695 .
598 3631 650 3697 vel
666 3631 815 3713 θαυμάζω
840 3631 867 3692 εἰ
883 3676 889 3690 .
910 3677 916 3691 .
935 3677 942 3691 .
959 3631 1011 3695 vel
1028 3631 1196 3695 similibus.
1230 3631 1299 3695 Hoc
1316 3629 1410 3695 modo

241 3734 399 3818 incipiunt
421 3735 583 3801 orationes

307 3855 353 3919 IV
380 3857 526 3924 πολλάκις
551 3854 748 3937 ἐθαύμασα
773 3860 831 3916 τῶν
855 3854 909 3923 τὰς
933 3856 1112 3939 πανηγύρεις
1137 3856 1376 3938 συναγαγόντων,

309 3975 335 4040 V
359 3971 409 4058 Μὴ
431 3975 641 4059 θαυμάσγγς,
666 3976 690 4038 ὦ
714 3974 846 4037 Φίλιππε
869 4013 921 4051 —,

307 4098 353 4162 VI
375 4094 462 4167 Ἴσως
485 4098 563 4167 τινὲς
587 4098 671 4179 ὑμῶν
694 4097 954 4179 θαυμάζουσιν
977 4138 1028 4182 -,

306 4219 368 4283 VII
393 4215 531 4288 Πολλούς
556 4218 639 4300 ὑμῶν
664 4216 747 4300 οἶμαι
772 4218 984 4302 θαυμάζειν
1009 4259 1060 4294 -,

243 4375 444 4386 ———

313 4470 333 4536 ¹)
353 4468 386 4522 ci.
405 4467 493 4532 Blass,
512 4466 635 4520 Attische
656 4466 866 4521 Beredtsamireit
886 4467 936 4531 11²,
955 4486 981 4538 p.
1003 4471 1058 4525 137.
