3034 4984
701 310 739 375 21

618 401 819 409 -—.--—-.-——-

199 488 234 548 et
255 481 347 567 apud
370 483 469 549 Ieccr.
493 482 559 548 XII
582 483 624 548 32

197 601 354 687 τέταρτον,
377 602 452 685 ὅπερ
476 602 672 686 μέγιστον,
701 601 772 671 τοὺς
803 603 849 686 μὴ
873 603 1217 688 διαφθειρομένους
1242 606 1310 668 ύπδ

136 711 208 770 τῶν
230 704 445 790 εύπραγιῶν
551 709 637 769 καλῶ
661 705 932 787 πεπαιδευμένους.

200 827 305 892 Huius
328 827 510 894 sententiae
532 825 645 893 similia
668 830 748 891 haec
771 832 837 891 est:

199 948 296 1014 Dion.
309 948 391 1014 VIII
404 948 446 1014 48
458 945 621 1030 σωφρύνων
634 945 713 1008 ἐστὶν
727 945 906 1030 ἀνθρώπων,
925 947 995 1010 ύταν
1009 950 1064 1029 μὲν
1081 946 1121 1012 εὖ
1136 952 1310 1032 πράττειν

138 1052 260 1135 δοκῶσι,
288 1051 489 1135 ταμιεύεσθαι
512 1050 565 1119 τάς
589 1050 696 1134 τύχας,
726 1049 797 1112 ὅταν
826 1050 854 1112 δ’
872 1051 915 1121 εἰς
944 1052 1084 1122 ταπεινὰς
1114 1054 1165 1115 καὶ
1189 1054 1310 1137 φαύλας

139 1152 252 1218 ἔλθωσι
277 1156 372 1239 μηδὲν
398 1153 559 1238 ὑπομένειν
584 1153 718 1235 ἀγεννές,

202 1277 302 1343 Isocr.
326 1277 373 1342 VI
397 1276 439 1341 50
469 1276 528 1359 χρὴ
552 1275 587 1337 δὲ
610 1272 681 1343 τοὺς
705 1275 760 1356 μὲν
785 1272 824 1337 ed
847 1278 1085 1359 πράττοντας
1109 1282 1163 1360 τῆς
1188 1278 1310 1362 εἰρήνης

141 1379 296 1464 ἐπιθυμεῖν
313 1428 320 1441 .
339 1428 347 1444 .
364 1428 383 1457 .,
401 1377 469 1448 τοὺς
488 1379 523 1440 δὲ
539 1379 763 1463 δυστυχοῦντας
781 1383 825 1460 τῷ
840 1378 968 1462 πολέμῳ
983 1380 1148 1465 προσέχειν
1164 1382 1214 1444 τὸν
1230 1385 1310 1443 νοῦν.

202 1500 348 1565 Patriam
370 1519 434 1565 non
457 1519 530 1564 eam
553 1496 749 1564 credendam
778 1518 850 1565 ease
873 1505 1002 1582 terram,
1032 1501 1064 1565 in
1087 1521 1152 1584 qua
1175 1502 1309 1585 quisque

139 1609 234 1670 uatus
262 1604 315 1688 ait,
343 1602 402 1669 sed
431 1602 580 1687 quamvis
608 1607 736 1686 terram,
770 1602 803 1667 in
837 1622 902 1685 qua
929 1621 981 1668 res
1011 1605 1093 1669 bene
1122 1604 1308 1688 succedant,

140 1705 234 1773 docet
249 1706 345 1772 Dion.
361 1706 408 1771 VI
423 1707 464 1771 45
487 1708 557 1790 ἡμῖν
574 1706 601 1767 δ’
618 1705 741 1788 ἀρκέσει
757 1710 856 1768 πᾶσα
871 1711 932 1789 γη,
953 1708 984 1769 ἐν
1000 1703 1023 1791 γῙ
1041 1706 1076 1769 ἀν
1093 1709 1126 1770 τὸ
1144 1709 1309 1793 ἐλεύθερον

140 1808 275 1896 ἔχωμεν,
301 1811 391 1873 ὁποία
414 1810 481 1873 ποτ’
498 1808 533 1872 ἀν
555 1808 591 1895 ᾗ,
614 1809 837 1893 νομίζεσθαι
859 1811 1008 1893 πατρίς,

202 1930 284 1997 VIII
307 1932 326 1995 7
353 1932 482 2017 πατρίδα
506 1930 536 1992 θ’
551 1932 685 2015 ἡγοῦμαι
715 1929 750 1992 ού
780 1930 833 2013 τὴν
862 1932 1120 2015 ἀπαρνησαμένην
1149 1957 1187 2014 με
1210 1933 1308 2011 πόλιν,

140 2035 207 2098 ἀλλ’
227 2035 265 2119 ῆς
289 2034 448 2118 ἀλλύτριος
478 2036 519 2097 ὢν
546 2033 672 2115 πολίτης
702 2033 828 2115 γέγονα·
852 2040 907 2117 γῆν
929 2033 954 2096 τ’
977 2034 1031 2097 ούκ
1060 2035 1090 2097 ἐν
1113 2033 1138 2120 ᾗ
1161 2037 1310 2121 ἠδίκημαι

139 2138 239 2223 φιλην,
263 2137 332 2201 ἀλλ’
351 2138 382 2200 ἐν
404 2135 426 2222 η
450 2137 484 2200 τδ
508 2138 647 2219 ἀσφαλὲς
671 2135 747 2221 ἔχω,

197 2259 280 2325 VIII
290 2260 333 2324 34
344 2257 428 2321 πόλιν
442 2282 473 2320 τε
487 2258 539 2340 τὴν
551 2256 730 2340 γειναμένην
744 2259 836 2342 ἡμᾶς,
853 2257 923 2320 ὅταν
938 2260 991 2339 μὲν
1004 2260 1116 2343 ὠφελγῖ
1130 2260 1308 2344 στέργομεν,

137 2361 205 2424 ὅταν
229 2363 265 2425 δὲ
290 2363 409 2447 βλάπτη
433 2361 665 2443 καταλείπομεν,
691 2361 726 2423 ού
751 2361 800 2423 διά
824 2363 873 2424 τδν
896 2360 986 2423 τύπον
1009 2364 1186 2443 ἀγαπῶντες
1204 2363 1307 2446 αὐτὴν,

136 2466 214 2528 ἀλλὰ
238 2465 288 2527 διὰ
311 2466 344 2526 τὸ
368 2464 572 2549 συμφέρον.

199 2585 347 2653 Eandem
375 2586 580 2670 sententiani,
609 2604 693 2668 quae
722 2586 783 2652 viri
810 2588 937 2672 patriae
964 2587 1104 2652 amantis
1127 2588 1221 2653 nobis
1244 2608 1308 2654 non

138 2689 266 2756 videtur
289 2708 372 2774 ease,
395 2687 627 2756 Archidamum
648 2688 729 2756 iacit
751 2691 954 2774 eloquentem
978 2690 1203 2756 Iaccr.V143
1226 2693 1290 2754 ἐκλι

137 2793 241 2863 πύντες
270 2794 305 2856 δὲ
333 2795 386 2876 τὴν
417 2795 520 2876 χώραν
549 2794 600 2856 καὶ
632 2795 793 2876 πατρίδα
826 2797 881 2876 μὲν
908 2794 960 2876 τἠν
991 2794 1170 2877 ἐλευθερίαν
1200 2795 1307 2879 νομί·

137 2919 272 2966 σαντες
297 2941 368 2971 ...,

199 3023 233 3083 et
260 3017 301 3082 76
335 3016 421 3086 τούς
456 3017 497 3078 δὲ
531 3015 669 3087 τύπους
698 3016 865 3087 ἅπαντας
893 3015 964 3086 τοὺς
994 3017 1067 3100 πρὸς
1097 3018 1146 3080 τδν
1175 3019 1308 3101 πύλεμον

137 3119 400 3204 συμφέροντας
423 3121 603 3203 πατρίδας
628 3117 705 3181 εἶναι
727 3122 923 3203 νομίζονῙ).

200 3239 330 3319 Quanto
353 3241 395 3306 sit
417 3239 489 3306 usui
512 3239 657 3306 coloniae
679 3238 853 3325 deducere,
878 3241 1036 3308 Minucius
1059 3242 1194 3326 exponit
1216 3241 1306 3327 cpud

136 3345 230 3411 Dion.
253 3344 316 3409 VII
338 3342 379 3409 28
402 3345 433 3405 αἱ
456 3343 483 3405 δ’
499 3345 669 3406 ἀποστολαὶ
692 3350 752 3406 τῶν
783 3347 965 3428 κληρούχων
995 3347 1028 3407 ἐκ
1058 3349 1112 3408 τοῦ
1141 3347 1307 3427 ἀναγκαίου

137 3448 287 3532 ἐγένοντο,
317 3450 406 3531 κοινῇ
434 3446 520 3513 δύίαν
550 3446 617 3527 ύμῖν
648 3446 741 3509 ἅπασι
771 3446 819 3509 διά
849 3450 987 3531 φυλακῆς
1019 3447 1104 3534 ἔχειν
1135 3449 1234 3533 χωρία
1265 3449 1308 3515 εἰς

135 3551 269 3633 πόλεμον
298 3552 462 3634 ἐπιτήδεια,
491 3551 541 3612 καὶ
570 3552 688 3632 μεγάλα
716 3550 838 3633 ὤνησαν
864 3599 870 3613 .
893 3603 901 3618 .
924 3599 931 3614 .
955 3550 1026 3619 τοὺς
1056 3553 1082 3612 τ’
1100 3551 1230 3622 ἐξιόντας
1259 3552 1309 3613 καὶ

137 3652 206 3722 τοὺς
230 3652 488 3735 ὑπολειπομένους
514 3655 614 3735 ὑμῶν·
639 3654 667 3715 οἱ
689 3653 744 3733 μέν
759 3653 787 3733 γ’
805 3654 1030 3737 ἀφθονωτέρων
1047 3653 1228 3738 εὐποροῦσιν
1246 3657 1311 3716 ἐκεῖ

137 3763 194 3819 τῶν
223 3756 417 3839 ἐπιτηδείων·
448 3756 476 3817 οἱ
504 3755 531 3817 δ’
556 3755 665 3818 ἐνθάδε
696 3755 972 3836 ὑπομείναντες
1008 3756 1098 3839 ἧττον
1134 3758 1308 3828 σπανίζουσι

137 3864 188 3942 τῆς
213 3861 338 3942 ἀγορᾶς.

204 4098 225 4199 1)
243 4095 277 4150 cf.
296 4096 375 4150 etiam
395 4094 534 4167 Δτίευορίι.
552 4094 625 4149 Plut.
646 4097 710 4153 1151
735 4094 835 4163 πατρίς
856 4090 910 4165 γάρ
934 4093 989 4150 ἔστι
1006 4096 1071 4149 τιάσ’
1090 4099 1126 4150 ia’
1146 4090 1181 4150 ἀν
1198 4089 1305 4165 πράττη

137 4201 160 4237 τι
193 4202 232 4238 ευ.

162 4204 176 4247 ⁶
205 4269 311 4333 Nauck,
324 4270 431 4341 Tragic.
445 4268 540 4323 Graec.
554 4270 603 4340 irg.
617 4274 666 4327 691
685 4272 722 4344 τῷ
735 4268 788 4340 γάρ
801 4274 891 4329 καλῶς
903 4270 1055 4337 πράσσοντι
1068 4271 1144 4325 πᾶσα
1156 4270 1189 4339 γῆ
1202 4270 1309 4334 πατρίς.

206 4357 302 4412 Cicero
315 4357 398 4411 Tusc.
411 4357 437 4408 V
451 4360 485 4415 81
499 4357 593 4427 Itaque
605 4357 638 4410 ad
652 4374 757 4411 ornnem
778 4361 906 4411 rationem
921 4358 1019 4411 Teucri
1041 4374 1092 4409 rcx
1113 4356 1308 4411 accommodari

141 4456 244 4518 potent:
262 4445 374 4509 „Patria
392 4455 434 4498 cst
452 4445 611 4515 ubicumque
630 4457 672 4497 eut
690 4446 783 4499 bene“.
