3034 4984
677 359 715 423 15

591 447 794 458 -ιι

167 529 215 596 Vl
243 531 285 597 73
316 529 544 616 συγχέοντες
571 529 626 612 την
654 532 708 612 τῆς
737 526 887 611 ἀληθείας
915 526 1024 611 φόσιν
1054 528 1105 592 καὶ
1133 528 1186 612 τὴν
1215 531 1275 590 τῶν

104 633 229 697 δικαίων
253 633 405 704 ἀξίωσιν
427 630 744 716 ἀναστρέφοντες.

168 754 233 821 VII
257 755 298 820 32
322 755 364 818 ὧν
386 755 475 839 ἡμεῖς
500 753 555 836 μὲν
579 750 834 834 ἐπιλελῆσθαι
858 749 1095 837 βουλόμεθα,
1124 751 1211 835 ὑμεῖς
1240 751 1275 814 δὲ

106 855 220 921 δίκαιοί
240 859 311 922 ἐστε
335 856 562 941 μεμνῆσθαι.

171 978 254 1045 VIII
279 981 318 1047 10
341 981 490 1066 λήψονται
513 979 569 1062 μὲν
590 975 768 1062 πρότεροι
790 976 828 1040 τὰ
851 976 929 1040 ὅπλα
953 976 1110 1061 ἐκεῖνοι,
1139 974 1278 1060 θήσομεν

108 1082 258 1166 dicti<
281 1083 441 1167 ὕστεροι.

170 1203 205 1269 Χ
226 1204 248 1269 6
275 1203 418 1267 ἀπολύων
441 1203 477 1267 δέ
500 1225 536 1267 σε
560 1206 613 1266 τοῦ
637 1201 706 1267 τότε
735 1203 950 1267 συναδικεῖν
977 1202 1088 1287 ἡμᾶς,
1116 1201 1277 1288 μέμφομαι

108 1310 162 1370 τοῦ
186 1310 237 1371 νῦν
258 1307 348 1392 ἡμῖν
371 1308 413 1390 μὴ
438 1312 744 1390 συναγανακτεῖν.

173 1426 299 1506 Quibuu
321 1428 469 1495 omnibus
491 1426 572 1495 locis
591 1427 785 1513 Dionysium
807 1426 1018 1496 collocatione
1040 1430 1212 1497 verborum
1233 1430 1278 1497 le·

108 1530 191 1597 viter
211 1531 384 1598 immutata
411 1532 569 1616 insignem
593 1533 759 1616 παρίοωσιν
784 1532 894 1599 verbio
915 1532 1063 1600 similitor
1084 1533 1278 1602 cadentibus

108 1642 239 1702 aueum
260 1635 390 1702 efficere
412 1636 558 1722 potuisse
581 1637 653 1719 quis
675 1656 738 1701 uon
760 1635 874 1702 videt?

8 1844 9 1849 η
172 1755 378 1841 Quamquam
401 1757 448 1824 cie
470 1777 552 1841 quos
567 1755 662 1822 attuli
684 1757 765 1824 looia
787 1778 851 1824 non
874 1756 1012 1824 deerant
1034 1758 1185 1845 exempla
1206 1759 1278 1826 ciue

8 1918 9 1931 ,
108 1858 241 1945 figurae,
265 1881 363 1944 qnam
387 1861 622 1944 ὁμοιοτέλεοτον
645 1861 756 1927 vocari
772 1882 872 1946 cupra
888 1861 1038 1947 diximus,
1062 1868 1182 1947 tamen,
1205 1883 1278 1930 oum

109 1982 148 2029 ea
163 1965 351 2031 Isocrateae
366 1963 555 2031 elocutionis
570 1963 663 2048 quasi
678 1965 811 2050 propria
834 1985 907 2033 cmo
929 1965 995 2033 diui
1018 1967 1130 2054 posuit,
1154 1965 1278 2050 aliquot

108 2067 173 2133 alia
194 2087 236 2133 ex
260 2067 418 2153 Dionysio
439 2068 556 2134 afferre
583 2069 735 2153 exempla
763 2068 852 2135 haud
879 2070 992 2137 inutile
1015 2090 1088 2137 erue
1109 2071 1277 2155 putabam.

171 2189 247 2256 113
271 2189 341 2259 τοθς
366 2190 403 2274 δὴ
426 2189 462 2252 tul
478 2189 613 2272 πολέμιοί
635 2190 660 2251 τΙ
674 2190 883 2261 ἀσκοῦντας
907 2193 957 2255 καὶ
981 2193 1018 2255 τὰ
1038 2196 1097 2254 τῶν
1113 2191 1278 2275 ἐπιθυμιῶν

8 2320 9 2327 ¹
108 2295 358 2375 κρατοῦντας,

171 2410 218 2477 VI
241 2412 261 2477 7
285 2412 314 2475 οῖ
336 2413 371 2475 δὲ
396 2413 632 2497 μελλήσουσι
657 2416 775 2495 μᾶλλον
797 2414 816 2498 ἢ
841 2415 1096 2501 βοηθήσουσι,

171 2533 218 2599 IV
229 2534 272 2599 36
284 2531 418 2603 πολλοὺς
430 2532 528 2598 ἴσασιν
541 2534 589 2597 ἐπὶ
602 2539 655 2618 τῆς
669 2534 747 2620 ἐμῆς
761 2536 862 2619 ἀρχῆς
879 2536 1021 2621 ἀκρίτους
1037 2534 1278 2607 ἀπολωλότας

108 2637 128 2720 ᾖ
155 2642 210 2722 τῆς
238 2636 383 2723 πατρίδος
411 2637 692 2723 στερουμένους
719 2638 739 2723 ἢ
768 2639 822 2708 τὰς
851 2639 956 2708 οὐσίας
986 2638 1278 2710 ἀπολωλεκότας

108 2741 127 2824 η
150 2740 232 2824 ἄλλη
255 2740 310 2802 τινὶ
334 2747 478 2825 συμφορᾷ
500 2741 809 2828 κεχρημένουςῑ).

172 2862 211 2927 In
233 2861 349 2928 eodem
371 2861 480 2946 capite
502 2862 601 2946 paulo
623 2861 724 2929 infra:

172 2983 297 3053 δικαίως
325 2982 410 3066 μέντ’
431 2981 467 3047 ἀν
596 2988 651 3067 τῆς
685 2985 806 3070 ἀρχῆς
840 2983 950 3067 θ’όίμα
984 2985 1035 3048 καί
1069 2989 1123 3069 τῆς
1156 2988 1279 3070 φυχῆς

109 3086 363 3171 ἀποστερηθείην.

173 3206 218 3273 vl
240 3206 261 3271 9
285 3208 313 3269 εί
335 3207 370 3269 δὲ
393 3209 443 3270 καίΙ
467 3207 545 3290 μετά
569 3211 622 3271 τοῦ
639 3208 752 3293 δρᾶσαί
774 3232 800 3270 τι
815 3212 950 3288 γενναῖον
973 3208 1022 3271 καὶ
1046 3208 1179 3272 παθεῖν
1203 3210 1280 3292 μήτε

108 3313 162 3393 τῆς
178 3310 275 3393 τόχης
291 3314 398 3395 πεῖραν
421 3311 552 3397 λαβεῖν
576 3312 651 3395 μήτε
667 3313 720 3394 τὴν
736 3316 790 3394 τῆς
807 3311 920 3394 ἀρετῆς
936 3310 1023 3380 δόξαν
1046 3316 1280 3377 καταλιπεῖν.

174 3431 277 3496 Ἦέέ
293 3430 362 3493 ἀλλ’
378 3431 492 3513 ὁμοίως
508 3431 822 3516 πεφενακίσμεθα
845 3432 896 3495 καί
919 3433 1280 3516 παραλελογίσμεθα

110 3532 289 3618 ἀμφότεροι.

173 3653 218 3720 Vl
242 3655 284 3721 74
312 3653 586 3725 κατακλεισθέντες
609 3656 653 3725 εἷς
680 3655 906 3738 πολιορκίαν
929 3679 963 3719 τε
986 3659 1036 3720 καί
1066 3657 1281 3743 ἀμηχανίαν

110 3759 159 3821 καί
182 3759 293 3828 παντὸς
316 3759 493 3843 πράγματος
517 3758 687 3842 ἀπορίαν.

175 3879 212 3944 In
239 3876 355 3945 eodem
383 3879 505 3964 capita:
535 3880 566 3943 έν
595 3874 623 3964 qt
646 3879 746 3942 πολλὰ
776 3880 831 3962 μὲν
858 3879 1049 3966 τραύματα
1079 3878 1282 3969 λαβόντες,

111 3981 260 4045 πολλὰδὲ
285 3984 438 4066 σώματα
461 3988 644 4066 συηηενιῖνν
667 3983 765 4045 τεκαὶ
782 3983 910 4068 ἑταίρων
928 3985 978 4046 καί
994 3984 1176 4068 ὁμοσκήνων
1194 3984 1283 4047 ἀπο·

112 4082 292 4169 βαλόντες
316 4086 546 4169 ἐνικήσαμεν
569 4084 640 4154 τοὺς
656 4086 824 4168 πολεμίους
848 4088 898 4149 καί
921 4085 991 4154 τοὺς
1009 4086 1162 4170 ἡγεμόνας
1181 4087 1284 4151 neruo

112 4185 389 4271 ἀπεκτείναμεν
417 4190 468 4253 καί
496 4190 548 4273 τὴν
574 4188 731 4273 βασιλικὴν
755 4189 929 4271 συγγένειαν
954 4188 1074 4253 ἅπασαν
1103 4189 1284 4271 διεφθεί·

112 4310 240 4374 ραμεκ

180 4484 202 4551 ¹)
220 4498 299 4553 quoru
318 4490 403 4535 totum
423 4480 509 4535 locum
529 4498 562 4534 εκ
582 4481 703 4537 Isocrate
721 4492 857 4554 cumptum
876 4498 936 4535 εσσε
955 4480 1023 4535 ἰείη
1041 4482 1287 4538 demonstrabitur.
