3034 4984
658 349 700 416 25

161 520 446 605 οὐρανομήκης,
470 542 534 588 rox
557 541 641 605 qnae
664 520 753 607 apud
774 528 889 607 poetas
905 522 1046 607 saepius,
1070 524 1103 589 in
1119 523 1262 610 pedestri

98 624 239 691 oratione
261 643 406 711 perraro,
429 624 519 710 apud
536 624 788 694 Demosthenem
811 646 875 692 non
897 626 1028 712 legitur,
1050 633 1160 694 exstat
1175 627 1263 713 apud

99 727 191 794 Dion.
212 728 295 794 VIII
318 730 357 794 51
385 726 457 792 οὐδέ
480 751 515 811 γε
539 730 619 794 αἱ..
639 731 785 814 ,χάριτες
803 733 949 792 τοσοῦτον
966 731 1121 814 ἰσχύουσιν
1146 732 1211 795 οὐδ’
1228 730 1263 794 ἄν

99 829 314 916 οὐρανομήκεις
338 831 495 913 γένωνται,
521 834 601 896 ὥστε
624 871 676 908 -,
699 832 788 918 apud
811 834 910 901 Isoer.
933 833 995 899 XV
1020 835 1089 902 134.

592 1039 622 1102 3.
648 1038 766 1103 Verba.

160 1157 301 1224 Verbum
328 1159 762 1244 ἀντικαταλλάττεσθαι,
795 1159 881 1243 quod
914 1166 1024 1227 exstat
1051 1159 1141 1246 apud
1168 1159 1264 1226 Dion.

99 1261 142 1326 lv
169 1262 209 1328 34
237 1265 303 1325 α’ντὶ
330 1267 384 1346 τῆς
416 1260 580 1344 ἐπιφθόνου
607 1263 719 1344 ταύτης
746 1313 752 1327 .
776 1310 783 1325 .
806 1312 813 1328 .
837 1264 1001 1346 ἡγεμονίας
1032 1265 1084 1347 τὴν
1111 1264 1264 1326 ἀκίνδυνον

99 1365 452 1448 ἀντικαταλλασσόμενος
469 1364 598 1448 ἡσυχίαν
612 1403 665 1449 -,
682 1365 772 1451 opud
785 1365 1036 1433 Demosthenem
1051 1388 1114 1434 nou
1131 1366 1264 1451 legitur,

98 1486 137 1533 ex
159 1468 342 1535 oratoribus
364 1467 483 1535 Atticis
512 1467 596 1536 hane
623 1490 734 1536 vocem
757 1469 916 1537 adhihent
937 1471 1108 1556 Lyeurgus
1130 1470 1172 1538 88
1200 1471 1264 1532 ἀντὶ

98 1576 149 1654 της
173 1573 250 1642 ἰδίας
274 1577 376 1656 ψυχῆς
396 1573 450 1653 τὴν
465 1575 567 1654 κοινὴν
584 1578 736 1657 σωτηρίαν
753 1576 1093 1651 ἀντικαταλλάττεσθαι,
1117 1580 1150 1640 et
1165 1575 1263 1640 Isoer.

98 1673 124 1737 V
149 1676 208 1741 135
231 1682 265 1741 et
287 1674 333 1740 VI
361 1676 429 1760 109,
459 1695 553 1758 quem
576 1677 683 1743 locum
705 1677 898 1764 Dionysium
920 1678 1080 1744 imitatum
1103 1697 1176 1744 esse
1198 1678 1264 1743 iam

96 1797 193 1862 snpra
214 1777 365 1845 vidimus.

158 1901 298 1981 ὑμνεῖν,
315 1900 401 1984 quod
417 1901 551 1966 verbum
566 1900 655 1986 apud
672 1900 908 1987 Thucydidem,
925 1903 1105 1984 Platonem,
1119 1901 1262 1987 Lysiam,

97 2002 290 2070 Aeschinem
312 2010 431 2086 exstat,
455 2004 711 2071 aDemosthene
734 2026 798 2072 non
814 2006 998 2091 adhibetur,
1021 2005 1159 2089 legimus
1174 2006 1264 2091 apud

98 2106 189 2173 Dion.
212 2106 258 2171 VI
279 2108 299 2170 9
322 2107 485 2189 θαυμαστὰ
509 2107 584 2192 ἔργα
606 2108 678 2192 παρ’
694 2109 817 2192 ἑτέρων,
842 2109 895 2179 οὓς
913 2111 1014 2179 οὐδεὶς
1031 2111 1158 2192 ὑμνήσει
1175 2109 1263 2189 λόηος

12 2258 13 2283 2
98 2210 183 2279 τινος
200 2245 254 2286 -,
281 2208 369 2293 apud
384 2210 483 2276 noer.
500 2210 528 2275 ν
547 2211 616 2295 ιον,
641 2212 1263 2298 rxe,so,xeo,x[1205‚xv137.

157 2331 460 2416 περιβάλλεσθαι
483 2334 657 2417 τυραννικὴν
681 2333 819 2401 ἐξουσίαν
842 2334 936 2401 Dion.
954 2336 1017 2400 VII
1038 2335 1089 2417 22,
1106 2358 1137 2400 π.
1160 2336 1264 2397 δυνα·

99 2434 220 2496 στείαν
237 2435 392 2516 μείζονα
408 2435 537 2520 vilei,
554 2461 584 2501 ττ.
601 2437 759 2520 τυραννίδα
775 2436 856 2502 VIII
872 2439 924 2504 30.
951 2437 1187 2505 Demosthenes
1203 2437 1264 2504 hoe

98 2538 229 2604 verbum
251 2537 299 2604 ita
320 2558 384 2604 non
407 2539 550 2624 adhibet,
575 2541 673 2606 Isoor.
695 2547 805 2606 autem
828 2541 913 2608 V65
938 2543 1121 2624 τηλικαύτην
1140 2542 1263 2618 δύναμιν

98 2642 361 2726 περιεβάλετο,
391 2643 435 2707 IV
461 2645 522 2711 184
545 2645 700 2726 μείζους
730 2645 784 2713 τὰς
814 2645 1037 2714 δυναστείας
1162 2667 1264 2728 περι·

99 2743 362 2831 βεβλημένοις.

160 2866 372 2948 μαραίνειν,
392 2869 527 2934 rerhum
542 2869 714 2953 poeticum,
730 2869 816 2954 quod
832 2870 950 2951 legitur
965 2870 1056 2954 apud
1072 2871 1167 2936 Dion.
1184 2869 1262 2952 113,

98 2969 142 3034 Ν
163 2970 215 3054 29,
243 2968 294 3053 79,
325 2969 405 3034 VIII
428 2972 478 3055 50,
507 2971 668 3037 invenitur
697 2973 796 3038 etiam
823 2973 913 3058 apud
940 2974 1039 3039 Isocr.
1063 2974 1122 3038 16
1149 2976 1263 3043 κάλλος

98 3074 151 3154 μὲν
173 3072 230 3157 ηάρ
253 3075 272 3158 ἦ
297 3071 406 3158 χρόνος
430 3076 589 3159 ἀνήλωσεν
612 3099 631 3159 η
655 3075 743 3144 νόσος
768 3077 901 3159 ἐμάρανε
912 3077 946 3161 ¹).

157 3278 358 3364 Appendicis
376 3280 446 3347 loco
463 3282 564 3347 verba
580 3280 742 3365 quaedam
759 3280 905 3365 afferam,
924 3282 956 3346 in
974 3284 1091 3366 quihus
1106 3282 1263 3350 adhihen-

99 3381 145 3448 dis
171 3383 348 3467 Dionysius
371 3384 515 3450 Isocrate
538 3385 649 3452 relicto
676 3404 783 3452 usum
806 3384 1082 3453 Demosthenis
1109 3387 1263 3470 sequitur.

158 3504 435 3589 Praepositionem
458 3508 518 3569 σύν
542 3525 646 3589 neque
669 3506 711 3571 ah
727 3507 872 3572 Isocrate
896 3505 970 3589 (nisi
993 3507 1025 3572 in
1049 3509 1194 3574 oratione
1218 3507 1262 3572 ad

99 3607 318 3687 Demonicnm)
350 3626 455 3691 neque
487 3629 509 3674 a
544 3610 659 3676 ceteris
686 3610 868 3675 oratoribus
895 3609 1013 3677 Atticis
1042 3619 1172 3695 praeter
1200 3612 1261 3677 De-

99 3710 294 3778 mosthenem
316 3712 464 3778 adhiberi
491 3714 563 3798 quis
592 3719 642 3779 est
668 3714 744 3795 quin
768 3713 851 3779 sciat
860 3714 911 3798 θ’)
957 3715 1132 3799 Dionysius
1154 3722 1263 3781 autem

99 3833 136 3879 ea
162 3834 330 3900 persaepe,
365 3835 470 3900 paene
499 3815 568 3882 dixi
597 3816 797 3901 plerumque,
832 3816 942 3900 utitur,
977 3817 1067 3883 velut
1094 3820 1109 3883 l
1138 3821 1180 3885 58
1211 3818 1263 3880 σὺν

101 3917 190 4002 ὕβρει,
215 3919 266 3982 III
289 3920 330 3984 23
354 3919 407 3981 σὺν
430 3922 525 3993 θεοῖς,
551 3921 629 3985 item
653 3920 702 3984 III
723 3919 775 4002 27,
800 3920 845 3985 IV
867 3921 909 3985 34
933 3921 985 3983 σὺν
1008 3922 1137 3995 τούτοις,
1162 3922 1263 3987 V162

101 4057 190 4065 —-.-...-
214 4059 294 4065 -—-.-

163 4124 183 4190 ¹)
201 4139 281 4194 quem
306 4123 392 4177 locurn
418 4124 564 4178 Isocratem
590 4142 623 4177 ex
648 4124 776 4195 Aeschyli
801 4129 889 4180 Proin.
907 4130 959 4184 596
981 4145 1056 4198 sequ.
1081 4122 1219 4182 θεόσυτόν
1235 4148 1263 4181 τε

100 4204 196 4264 νόσον
214 4205 360 4279 ὠνόμασας
379 4203 397 4265 ἃ
414 4213 578 4280 μαραίνει
596 4230 628 4281 με
648 4250 654 4263 .
675 4252 681 4264 .
700 4252 706 4263 .
726 4222 753 4265 et
777 4231 809 4266 ex
829 4213 974 4285 Sophoclis
1001 4215 1083 4269 Aiace
1102 4220 1153 4273 714
1178 4216 1264 4269 πάνθ’

101 4295 210 4370 ὁμίρας
227 4293 351 4365 χρόνος
368 4301 531 4366 μαραίνει
550 4300 698 4371 sumpsisse
718 4310 792 4370 puto.

161 4388 183 4453 ¹)
201 4386 234 4439 τί.
251 4384 347 4455 Tycho
366 4386 526 4451 Mommsen,
551 4387 674 4459 Beitrige
698 4406 730 4441 zu
756 4387 804 4441 der
823 4387 907 4443 Lehrc
932 4408 984 4443 von
1010 4389 1060 4444 den
1080 4390 1262 4463 griechischen

103 4473 310 4546 Prlpositionen.
349 4474 437 4528 Berlin
454 4479 531 4534 1895.
