3034 4984
683 395 722 458 19

179 567 332 650 Denique
360 566 542 652 exemplum
571 564 800 648 similitudinis,
831 585 915 648 quae
942 564 1049 647 ligura
1076 587 1140 631 non
1163 574 1287 633 tantum

115 667 262 735 distata
286 670 508 754 translatione,
531 669 648 735 afferre
670 668 748 733 mihi
771 668 881 734 liceat:

179 791 277 858 Dion.
300 791 363 857 VII
386 791 427 857 50
451 791 518 854 ἀλλ’
543 791 596 872 ἀφ’
620 793 706 873 ἡμῶν
730 789 897 873 ἀρξάμενος
927 790 1008 868 (scil.
1032 792 1047 853 ὁ
1071 793 1182 872 δῆμος)
1209 791 1288 854 ἅπαν

115 895 147 955 τὸ
171 895 338 957 ἀντίπαλον
360 896 410 957 καὶ
431 893 573 978 pipulum
597 895 719 976 ὥσπερ
744 896 974 979 χειμάρρους
1000 893 1095 963 πολὺς
1119 895 1287 978 ἐμπεσὼν

12 1014 13 1055 3
114 997 286 1081 παρέσυρεν
310 996 418 1061 ἄνκαὶ
442 1000 687 1080 κατήνεγκεν,

178 1117 269 1202 quod
292 1119 405 1185 mirum
427 1120 459 1185 in
482 1118 613 1185 modum
636 1119 785 1202 congruit
806 1139 879 1185 cum
902 1119 1000 1186 Isocr.
1022 1119 1085 1186 XV
1103 1120 1163 1184 172
1187 1121 1205 1201 i,
1229 1122 1286 1204 γὰρ

115 1221 199 1291 πόλις
231 1225 318 1306 ἡμῶν
342 1275 349 1286 .
371 1270 377 1283 .
399 1271 407 1288 .
430 1225 479 1286 διὰ
508 1223 563 1307 γὰρ
593 1223 627 1285 τὸ
651 1223 783 1306 μέγεθος
901 1223 955 1284 οὐκ
981 1223 1164 1293 εὒσύνεπτός
1193 1226 1284 1302 ἐστιν,

117 1325 185 1387 ἀλλ’
207 1327 331 1409 ὥσπερ
361 1329 610 1411 χειμάρρους,
642 1326 723 1395 ὅπως
754 1325 791 1389 ἂν
820 1326 949 1390 ἕκαστον
978 1326 1178 1412 ὑπολαβοῦσα
1206 1328 1286 1412 τύχῃ

12 1456 13 1491 ι
118 1430 167 1491 καὶ
192 1435 252 1491 τῶν
276 1430 471 1514 ἀνθρωπίνων
494 1432 544 1493 καὶ
568 1436 627 1492 τῶν
650 1432 848 1514 πραγμάτων,
875 1431 954 1493 οὕτω
977 1431 1211 1511 κατήνεγκεν.

180 1549 247 1616 Sed
270 1551 369 1616 etiam
392 1550 629 1617 Demosthenes
652 1550 790 1617 eandem
813 1551 962 1619 adhibuit
984 1551 1229 1619 similitudinem

179 1672 295 1738 XVIII
320 1673 380 1739 153
405 1674 509 1754 εἰμὲν
533 1671 585 1736 οὖν
608 1675 649 1756 μὴ
675 1672 870 1755 μετέγνωσαν
894 1672 1012 1742 εὐθέως
1037 1674 1065 1734 εί
1082 1673 1212 1759 Θηβαῖοι
1236 1676 1286 1737 καὶ

12 1792 13 1803 ’
118 1774 188 1858 μεθ’
204 1778 290 1860 ἡμῶν
308 1776 457 1858 ἐγένοντο,
478 1777 602 1859 ὥσπερ
619 1779 855 1862 χειμάρρους
873 1776 907 1840 ἂν
924 1776 1108 1839 dauernoun
1126 1778 1159 1840 τὸ
1175 1778 1286 1861 πρᾶγμ’

118 1880 159 1948 εἰς
183 1881 237 1962 τὴν
259 1878 344 1941 πόλιν
369 1879 558 1946 εἰσέπεσε.

12 2072 13 2095 ,
179 2002 306 2068 Tamen
329 2006 408 2086 puto
430 2000 576 2085 quemvis
599 2021 634 2067 re
657 2000 830 2084 diligenter
848 2002 1037 2069 examinata
1059 2022 1286 2069 concessurum

12 2100 13 2109 ’
116 2125 188 2172 ease
210 2105 313 2171 verba
330 2105 483 2172 Isocratis
506 2104 550 2170 ad
573 2104 617 2188 id,
640 2105 728 2189 quod
750 2114 861 2174 exstat
884 2105 973 2191 apud
990 2106 1191 2191 Dionysium,
1215 2128 1286 2192 pro-

116 2210 188 2294 pius
203 2207 363 2275 accedere
378 2229 475 2292 quam
488 2208 725 2276 Demosthenis.
752 2211 895 2276 Primum
911 2210 996 2275 enirn
1012 2211 1147 2275 verbum
1161 2209 1285 2276 linitum

12 2348 13 2365 ι
116 2314 311 2396 κατήνεγκεν,
340 2313 431 2379 cuius
454 2311 543 2398 apud
567 2313 758 2397 Dionysium
782 2326 816 2380 et
838 2315 1016 2380 Isocratem
1038 2314 1155 2379 eadem
1177 2322 1288 2380 exstat

12 2492 13 2507 ρ
116 2415 228 2499 torma,
252 2414 342 2501 apud
358 2414 609 2483 Demosthenem
625 2417 752 2482 omnino
769 2439 833 2484 non
848 2418 981 2502 legitur3
1005 2417 1124 2483 deinde
1139 2419 1287 2484 subiecta

12 2522 13 2589 Q
116 2519 203 2604 apud
219 2520 412 2604 Dionysium
435 2527 469 2585 et
484 2521 659 2587 Isocratem
674 2521 823 2588 notiones
838 2521 1021 2588 simillimae
1044 2528 1119 2588 sunt
1141 2524 1171 2604 (ὁ
1188 2524 1284 2606 δῆμος

116 2660 157 2670 -
183 2625 203 2706 ἡ
232 2623 345 2705 πόλις),
380 2624 615 2690 Demosthenes
648 2623 690 2689 de
723 2643 758 2690 re
792 2626 825 2691 in
854 2625 1040 2692 universum
1068 2625 1208 2709 loquitur
1241 2627 1286 2705 (τὸ

12 2730 13 2765 ³
116 2730 261 2808 πρᾶγμα).

179 2847 225 2914 At
256 2850 391 2915 verbum
424 2850 578 2931 ἐμπίπτειν
613 2850 677 2930 (vel
710 2851 899 2930 εἰσπίπτειν),
935 2850 1022 2932 quod
1056 2857 1165 2915 exstat
1198 2848 1287 2934 apud

12 2976 14 3055 γ
117 2952 317 3039 Dionysium,
331 2959 455 3018 tautum
467 2952 556 3038 apud
569 2953 822 3021 Demosthenem
835 2953 1008 3039 reperitur3
1023 2953 1134 3037 itaque
1148 2952 1287 3019 fortasse

12 3090 13 3161 ρ
118 3056 307 3143 Dionysium
331 3055 413 3124 duos
435 3057 523 3124 locos
545 3078 587 3123 ex
610 3058 755 3124 Isocrate
779 3064 813 3125 et
835 3077 876 3123 ex
901 3056 1119 3123 Demosthene
1141 3063 1288 3143 sumptos

12 3194 14 3239 ρ
117 3162 354 3228 contaminasse
377 3160 585 3228 statuendum
608 3162 702 3248 est1).

180 3282 247 3349 Sed
269 3282 351 3349 haec
374 3281 548 3366 hactenus3
570 3284 636 3348 iam
655 3280 748 3349 nohis
764 3279 927 3365 agendum
951 3286 1001 3347 est
1024 3279 1065 3346 de
1088 3278 1153 3344 alio
1168 3300 1288 3364 genere

12 3376 13 3379 '
117 3390 288 3472 troporum,
312 3386 399 3470 quod
422 3386 466 3451 ad
488 3385 710 3451 exornandam
727 3385 942 3453 elocutionem
965 3405 1028 3450 non
1051 3383 1158 3450 minus
1174 3393 1286 3471 aptum

117 3496 166 3555 est
187 3510 284 3574 quam
308 3490 488 3572 translatio,

522 3746 553 3810 b.
582 3746 628 3811 de
651 3745 877 3812 sententiis.

180 3864 305 3943 Quibus
333 3867 496 3931 orationes
526 3866 673 3950 Dionysii
702 3884 767 3932 non
797 3870 903 3931 minus
930 3885 1027 3948 quam
1050 3865 1204 3931 Isocratis
1231 3864 1287 3929 ab·

12 3982 13 4037 l
119 3966 240 4034 undare
267 3970 339 4052 quis
367 3975 418 4034 est
445 3971 500 4052 qui
527 3970 648 4052 neget?
700 3968 940 4052 Investigemus
970 3968 1077 4052 igitur,
1106 3987 1189 4050 quas
1217 3986 1285 4033 sen·

119 4072 236 4139 tentius
259 4092 300 4137 ex
322 4071 383 4138 hoc
406 4072 495 4138 illum
517 4072 695 4157 sumpsisse
719 4073 895 4140 verisimile
918 4073 969 4138 sit.

184 4346 205 4409 ¹)
224 4347 319 4415 ltaque
338 4361 429 4397 vocem
447 4341 533 4408 πολύς
551 4354 614 4416 post
631 4338 807 4417 χειμάρρους,
826 4364 894 4419 quae
913 4345 984 4417 apud
1005 4346 1152 4397 Isocratem
1172 4362 1223 4397 noo
1243 4362 1288 4397 ex·

12 4424 13 4479 l
118 4438 178 4495 stat,
196 4449 255 4485 cum
276 4430 381 4483 Cobeto
400 4430 523 4499 (Obserr.
542 4432 600 4486 erit.
620 4451 645 4503 p.
667 4436 726 4499 rto)
746 4434 837 4490 delere
857 4434 959 4497 dubito,
978 4450 1037 4485 σιιιιι
1058 4429 1216 4503 Dionysium
1236 4449 1289 4484 non

12 4572 13 4589 ¹
119 4526 169 4570 um
188 4528 302 4588 anguste
321 4518 453 4590 pressisse
471 4520 600 4572 Isocratis
619 4519 734 4588 vestigia
752 4523 803 4577 hoe
823 4521 884 4575 loco
904 4519 1073 4573 manifestum
1093 4520 1137 4574 aiu.

1051 4601 1086 4658 νβ
