3034 4984
784 300 822 364 12

283 472 386 538 Unius
410 477 535 537 tantum
558 472 620 537 looi
635 472 830 537 mentionem
844 470 974 554 ieoiem,
997 491 1059 554 quo
1076 473 1189 537 mimm
1206 471 1385 537 immodum

218 589 258 624 -'-
283 581 318 640 ut
340 575 425 641 infra
448 576 578 661 planius
601 574 875 642 demonstrabitur
896 610 938 623 -
962 576 1139 661 Dionysius
1168 582 1201 641 et
1223 576 1386 642 Isocrates

219 680 303 745 inter
330 699 376 747 se·
393 686 582 763 oongruunt‚
616 680 664 746 ite
696 686 732 745 ut
763 678 861 745 ineo
889 677 1058 746 formando
1086 680 1222 746 alterum
1251 679 1386 745 alterius

151 860 154 865 ¹
219 803 392 849 memorem
415 783 516 850 fuisse
538 803 597 867 pro
620 788 708 849 oerto
731 781 796 848 diei
819 782 935 867 possit:

284 903 379 969 Dion.
403 903 514 969 V184
540 905 666 966 πολλοὶ
694 904 728 965 δὲ
755 903 902 987 πόλεμοι
929 902 1050 967 πόλεσι
1079 905 1154 989 πρὸς
1183 904 1302 973 πόλεις
1334 928 1386 965 συ-

220 1009 343 1076 στάντες
368 1009 577 1091 διηλλάγησαν
602 1045 639 1056 -
663 1012 697 1074 et

285 1128 384 1195 Isoor.
408 1127 522 1193 XVIII
545 1130 583 1193 31
614 1129 688 1214 πρὸς
712 1129 767 1212 μὲν
790 1130 847 1214 γὰρ
871 1130 920 1191 τὸν
943 1127 1092 1211 πόλεμον
1115 1129 1241 1190 πολλαὶ
1264 1126 1387 1196 πόλεις

221 1230 256 1294 άν
279 1232 436 1316 εὑρεθεῖεν
459 1234 562 1300 καλῶς
585 1232 798 1316 ἠγωνισμέναι.
1290 1226 1291 1229 “

285 1350 338 1417 Ad
360 1352 444 1418 hene
467 1351 603 1435 figurem
625 1353 772 1438 proxime
795 1353 924 1420 eeoedit
944 1353 1049 1436 figura
1071 1372 1155 1436 quae
1178 1358 1313 1419 vocatur

669 1579 696 1624 υ.
720 1557 940 1625 Traduotio

285 1678 338 1744 vel
361 1678 486 1745 Graece
509 1679 716 1757 rotemero,
739 1700 824 1764 quae
848 1680 985 1747 eifioitur
1007 1681 1119 1747 eodem
1137 1682 1235 1748 verbo
1251 1680 1389 1747 diversis

222 1781 255 1846 in
278 1781 408 1848 casibus
431 1781 546 1867 posito.

285 1903 380 1969 Dion.
398 1903 444 1969 IV
459 1904 500 1968 79
524 1903 575 1986 ὑφ’
592 1905 638 1966 ὢν
663 1904 768 1988 ἐσώθη
792 1904 843 1967 καὶ
863 1905 934 1988 παρ’
951 1907 1004 1976 οἷς
1028 1908 1144 1990 ἐτράφη
1162 1907 1211 1969 καὶ
1236 1904 1300 1975 υθς
1325 1907 1386 1969 δια-

223 2005 365 2074 δέξεσθαι
389 2005 531 2089 ἔμελλεν,

286 2128 385 2193 Isoor.
408 2126 454 2192 IV
472 2126 512 2191 27
537 2129 567 2193 ἐν
590 2124 614 2212 r}
637 2134 839 2213 κατοικοῦμεν
863 2130 913 2192 καὶ
937 2128 1007 2213 μεθ’
1023 2130 1065 2213 ἧς
1089 2129 1315 2212 πολιτευόμεθα
1339 2133 1390 2195 καὶ

223 2230 252 2303 δί
273 2232 313 2314 ἢν
337 2230 390 2313 ζῆν
413 2232 580 2315 δυνάμεθα.
701 2226 702 2231 ’

289 2351 381 2416 Dion.
405 2351 451 2415 VI
475 2352 515 2416 59
543 2353 641 2421 τίνες
671 2354 744 2416 εἰσὶν
774 2354 826 2423 οθς
857 2356 1138 2438 κατεδουλωσάμην
1162 2356 1223 2436 ἐγὼ
1251 2356 1325 2438 πρὸς
1354 2355 1391 2418 τὰ

223 2457 318 2540 χρόας
340 2455 439 2524 τίνας
464 2454 495 2517 ἐν
518 2456 641 2538 δεσμοῖς
658 2456 785 2527 πολίτας
802 2457 896 2542 ἔσχον
917 2481 994 2542 ...3
1018 2458 1071 2526 τίς
1096 2464 1154 2520 τῶν
1171 2458 1390 2543 ἀφεστηκότων

224 2558 362 2642 στέρεται
385 2563 439 2640 τῆς
461 2561 622 2644 πατρίδοςς

287 2679 319 2743 Χ
333 2681 371 2744 13
384 2677 472 2761 Παρὰ
485 2681 590 2742 τίνων
604 2681 751 2750 ἐδέξασθε
766 2682 803 2745 τὰ
815 2685 979 2767 γράμματα
994 2706 1053 2766 ...3
1065 2682 1097 2744 τί
1108 2681 1322 2768 ἀναβάλλεσθε
1336 2704 1392 2767 ...3

224 2781 278 2852 τίς
295 2782 351 2846 δ’ὁ
367 2784 403 2847 τά
420 2788 582 2870 γράμματα
598 2785 728 2868 κομίσας
746 2788 822 2870 ἀνήρ
839 2788 933 2871 ἐστιν;
950 2832 958 2849 .
976 2835 982 2849 .
1002 2833 1009 2848 .
1026 2787 1057 2848 αἱ
1074 2787 1107 2849 δὲ
1125 2787 1161 2869 δὴ
1178 2832 1230 2849 ...
1247 2786 1391 2868 μηνύσεις
1439 2850 1445 2863 ,
1511 2780 1512 2787 ¹

224 2886 306 2969 παρὰ
335 2893 394 2950 τῶν
423 2889 533 2952 ἐνθάδε
566 2889 664 2959 τίνες
699 2890 724 2953 τ’
739 2891 813 2953 εἰσὶν
842 2892 892 2953 καὶ
922 2892 978 2955 ύπδ
1012 2893 1120 2953 τίνων
1152 2889 1328 2973 γενόμεναι;
1361 2894 1395 2952 τί

224 2989 369 3074 κρύπτετε
391 2992 444 3062 τὰς
468 2993 600 3077 πίστεως
669 3014 672 3021 ’

290 3112 387 3177 Isoor.
412 3113 459 3178 IV
483 3111 622 3198 183ί184
650 3113 726 3197 φέρε
750 3115 818 3197 γάρ,
842 3115 916 3198 πρὸς
939 3115 1040 3184 τίνας
1064 3115 1124 3198 χρὴ
1232 3115 1393 3196 πολεμεῖνγ

225 3213 299 3277 τίσι
322 3216 356 3278 δὲ
372 3216 496 3299 φθονεῖν
512 3217 593 3286 εἰκός
610 3218 689 3280 ἐστιν
706 3265 713 3279 .
732 3265 738 3278 .
758 3241 783 3301 ,3
806 3218 854 3280 ἐπὶ
870 3218 975 3288 τίνας
991 3220 1025 3281 δὲ
1043 3216 1214 3301 στρατεύειν
1229 3217 1393 3300 προσήκεις

290 3337 385 3403 Βίου.
402 3338 434 3402 X
450 3338 490 3402 29
513 3339 600 3422 ἡμεῖς
625 3337 688 3400 οὔτ’
705 3339 965 3422 ἐγκαταλείπομεν
986 3337 1057 3401 οὔτε
1073 3337 1256 3420 προδίδυμεν
1280 3337 1393 3419 ὑμᾶς,

227 3441 252 3503 ὦ
281 3440 426 3524 πατέρες,
463 3441 529 3503 οὐδ’
551 3439 585 3504 ἂν
615 3442 878 3525 ἀπολειφθείημεν
906 3442 1004 3522 ὑμῶν
1036 3487 1044 3502 .
1070 3490 1077 3506 .
1102 3489 1122 3517 .,
1153 3440 1233 3502 ἀλλὰ
1261 3440 1310 3501 καὶ
1341 3442 1394 3523 ζῆν

227 3543 398 3628 αἱρούμεθα
422 3544 474 3607 σὺν
499 3546 581 3628 ὑμῖν
604 3546 655 3608 καὶ
678 3549 818 3629 πάσχειν,
846 3544 862 3606 ό
889 3568 917 3605 τι
944 3545 979 3607 άν
1007 3546 1050 3626 τῷ
1079 3543 1198 3626 δαίμονι
1221 3544 1300 3625 δοκῇ
1323 3542 1394 3626 μεθ’

227 3649 342 3730 ὑμῶν·
367 3647 517 3730 πρόθυμοι
540 3649 567 3711 δ’
580 3650 611 3711 ἐν
634 3650 721 3711 παντὶ
744 3653 841 3732 καιρῷ
862 3648 930 3730 περὶ
954 3648 1046 3728 ὑμᾶς
1070 3644 1228 3727 γεγονότες
1250 3644 1394 3728 ἠξιοῦμεν

228 3751 352 3835 μετρίας
368 3751 438 3834 παρ’
452 3753 549 3834 ὑμῶν
564 3758 665 3837 τυχεῖν
679 3754 816 3837 χάριτος,
833 3751 935 3833 ὥσπερ
952 3755 1011 3812 τῶν
1023 3747 1165 3812 κινδύνων
1179 3747 1394 3830 ἰσομοιροόμεν

228 3855 326 3937 ὑμῖν,
350 3855 446 3924 οὕτως
470 3857 519 3918 καὶ
623 3856 656 3917 τδ
681 3855 745 3919 ἴσον
770 3853 863 3938 ἔχειν.

292 3976 390 4042 Isoer.
413 3975 493 4042 XVI
516 3977 553 4041 41
580 3976 717 4060 φαίνεται
739 3974 796 4058 γὰρ
813 4021 821 4038 .
839 4021 846 4036 .
864 4023 872 4037 .
889 3974 923 4037 ἐκ
946 3971 1057 4041 παντὸς
1080 3968 1192 4053 τρόπου
1215 3971 1394 4033 κινδυνεύων

228 4078 265 4142 τὰ
289 4080 344 4163 μὲν
367 4079 418 4164 ὑφ’
436 4081 546 4162 ὑμῶν,
570 4081 607 4143 τὰ
630 4081 665 4143 δὲ
689 4079 727 4142 δι’
744 4080 856 4161 ὑμᾶς,
880 4078 917 4141 τὰ
940 4076 968 4140 δ’
982 4076 1057 4159 ὑπὲρ
1082 4075 1197 4158 ὑμῶν,
1220 4072 1256 4136 τὰ
1272 4074 1307 4135 δὲ
1324 4073 1394 4155 μεθ’

228 4184 336 4265 όμῶκ

293 4307 364 4372 Iam
390 4307 651 4373 eonominotione
674 4306 789 4373 reiiota
812 4304 856 4371 ed
880 4304 1009 4370 tertiam
1032 4307 1237 4367 transeamus
1258 4299 1395 4382 figuram

229 4410 318 4476 iilam
341 4410 550 4495 Gorginem,
574 4428 658 4493 quae
681 4417 816 4477 vocatur
839 4408 1007 4491 παρίσωσις
1029 4405 1082 4471 vel
1104 4404 1220 4470 Latine
