3034 4984
703 310 722 374 7

125 484 295 567 σχημάτων
321 482 437 565 κόσμος
465 482 560 551 πολῦς
590 482 653 545 ἐστι
681 478 753 563 παρ’
770 480 857 565 αῦτηῦ
884 483 936 544 καὶ
964 484 1054 544 λυπεῖ
1073 482 1220 549 πολλάκις
1244 481 1296 563 τὴν

125 583 224 667 ἄλλην
247 588 440 670 κατασκευὴν
463 587 684 671 παριστάμενος
708 587 774 654 ταῖς
797 585 904 653 ἀκοαῖς
928 620 971 631 -

191 711 226 770 et
244 725 317 791 esp.
336 706 389 773 132
413 706 444 774 ἐξ
461 704 554 789 αὐτῆς
569 705 626 789 γὰρ
642 703 729 769 ἔσται
745 709 800 787 τῆς
813 702 1005 787 Ἰσοκράτους
1022 701 1136 772 λέξεως
1152 701 1296 787 τεθείσης

126 811 307 893 καταφανὴς
323 809 341 877 ὅ
356 833 389 874 τε
404 816 463 873 τῶν
479 807 628 892 περώθων
649 807 764 891 ῥυθμὸς
784 808 819 870 ἐκ
834 806 945 876 παντὸς
961 807 1078 869 διώκων
1094 805 1127 868 ri
1143 804 1297 888 χλαρορθν

126 915 176 975 καλ
189 917 250 974 τῶν
262 915 429 998 σχημάτων
440 913 474 975 τὸ
488 912 691 995 μειρακιῶδες
703 911 772 994 περὶ
788 909 843 980 τὰς
859 907 1028 978 ἀντιθέσεις
1044 908 1095 971 καλ
1111 909 1296 991 παρισώσεις

126 1016 177 1078 καλ
199 1018 427 1100 παρομοιώσεις
450 1013 721 1100 κατατριβόμενον·
749 1013 812 1076 καὶ
840 1009 880 1075 οῦ
908 1010 1075 1093 τὸγένος
1099 1009 1298 1095 μέμφομαι

126 1125 198 1182 τῶν
222 1120 441 1203 σχημάτων,
466 1116 561 1180 ἀλλὰ
584 1116 645 1180 τὸν
668 1113 918 1197 πλεονασμόν.

191 1237 289 1307 Unde
325 1245 465 1325 apparet
497 1237 699 1323 Dionysium,
737 1242 774 1302 ut
805 1236 979 1319 figurarum
1015 1254 1099 1319 quoe
1138 1239 1298 1301 vooantor

128 1342 367 1426 Gorgianarum
397 1340 634 1409 abundantiam
662 1337 880 1425 reprehendit,
916 1338 963 1404 ita
996 1336 1158 1406 modinum
1186 1357 1296 1404 earnm

128 1465 223 1513 usum
245 1445 290 1511 ad
313 1443 536 1512 exornandam
557 1443 735 1510 orationem
759 1441 941 1509 admisisse.

193 1549 300 1627 Quom
311 1550 468 1615 rationem
480 1549 513 1614 in
527 1546 726 1613 orationihus
737 1546 846 1630 operis
858 1545 1014 1628 historici,
1030 1543 1147 1629 dequo
1159 1544 1296 1628 agimus,

130 1652 162 1718 in
186 1652 372 1719 universum
395 1658 527 1720 seootus
549 1657 614 1735 est3
636 1650 739 1715 muita
761 1649 847 1716 enim
869 1649 902 1714 in
925 1648 965 1716 iis
987 1648 1194 1715 inveniuntur
1216 1650 1297 1711 ἀντί-

130 1759 205 1820 θετα
228 1762 262 1823 et
283 1757 508 1841 πσρονομασίαι
531 1760 564 1820 et
586 1756 781 1838 septennem,
804 1751 862 1820 sed
885 1753 1075 1838 plerumque
1096 1752 1152 1835 ita,
1176 1757 1212 1816 ut
1234 1771 1298 1818 non

129 1859 307 1926 offendant.

192 1964 263 2029 Iam
286 1962 541 2048 oontemplemor
562 1961 684 2046 figuras
706 1959 861 2044 singulas.

470 2204 501 2251 a.
529 2183 739 2251 contentio
762 2183 956 2263 (ἀντίθετον).

194 2306 300 2385 Quam
312 2305 446 2389 figuram
461 2302 734 2390 praetermodum
747 2301 922 2369 adamasse
934 2304 1112 2370 Isocratem
1121 2302 1299 2389 Dionysius

130 2409 218 2495 dieit,
234 2417 271 2476 nt
285 2408 381 2478 modo
396 2409 550 2493 reginum
572 2406 632 2475 sed
652 2426 693 2472 ne
709 2409 780 2492 ipse
796 2404 926 2490 quidem
941 2425 1014 2473 eam
1030 2413 1224 2492 aspernatus
1238 2412 1298 2474 est.

194 2515 240 2581 Iis
262 2512 442 2596 antithetis,
465 2531 551 2597 quae
574 2532 636 2577 non
659 2509 749 2596 apud
765 2510 942 2576 Isocratem
965 2515 1101 2594 tantum,
1124 2509 1298 2576 sedetiam

130 2616 220 2701 apud
243 2617 326 2684 alios
348 2623 495 2683 oratores
517 2614 606 2680 haud
628 2634 702 2680 raro
724 2613 885 2696 leguntur,
907 2613 1036 2680 omissis
1058 2612 1162 2698 (velut
1185 2613 1298 2696 λέγειν·

131 2722 284 2804 πράττειν,
301 2719 489 2805 λόχοι-ἔργα,
505 2716 694 2788 ἴδιος-κοινός
711 2715 863 2801 aliisque)
879 2735 989 2782 eorum
1001 2721 1126 2782 mnium
1141 2716 1298 2783 rationem

132 2822 269 2907 habebo,
303 2824 337 2889 in
371 2822 488 2906 quihus
520 2819 682 2905 fingendis
715 2819 907 2905 Dionysium
937 2820 1091 2886 lsooratis
1124 2840 1297 2887 memorem

131 2926 232 2993 foisse
256 2927 325 2993 inre
348 2925 489 3011 quodam
511 2923 663 2992 contendi
686 2929 805 3009 potest.

195 3031 245 3097 Ae
259 3031 398 3116 primum
413 3028 493 3094 mihi
507 3029 605 3095 lioeat
620 3027 737 3093 afferre
757 3026 846 3094 looos
863 3025 927 3091 iam
943 3046 964 3091 a
982 3026 1125 3112 Ieeohyo
1141 3027 1185 3108 (v.
1198 3047 1298 3114 snpra

131 3156 163 3220 p.
198 3135 233 3217 4)
267 3139 411 3216 notatos,
450 3133 568 3217 quihus
601 3131 775 3217 opponitur
807 3149 924 3214 eorpus
957 3130 1092 3205 mortale
1125 3131 1297 3198 immortali

131 3237 265 3322 gloriae.

196 3357 292 3425 Dion.
309 3358 337 3424 V
353 3358 394 3424 ‘27
411 3358 475 3421 ἀντὶ
498 3360 551 3420 τοῦ
574 3356 714 3440 θνητοῦ
739 3356 916 3436 σώματος
938 3354 1127 3418 ἀθάνατον
1144 3354 1298 3438 ὑπάρξει

132 3486 195 3545 μοι
217 3462 378 3545 κλέοςῙ),

196 3583 224 3648 V
247 3582 289 3648 29
312 3583 376 3645 ἀντὶ
399 3585 453 3645 τοῦ
476 3582 614 3666 θνητοῦ
638 3582 811 3662 σώματος
835 3577 1022 3642 ἀθάνατον
1050 3576 1157 3646 δόξαν
1185 3600 1277 3642 κατα

132 3690 269 3765 λιπεῖν,

196 3806 246 3873 XI
283 3807 320 3871 13
356 3803 468 3875 κλέος
502 3804 691 3867 ἀθάνατον
730 3802 811 3865 ἀντὶ
850 3806 915 3865 τοῦ
952 3802 1093 3887 θνητοῦ
1127 3805 1307 3886 σώματος

132 3910 276 3974 κατέλιπε
300 3914 363 3979 τοῖς
386 3907 530 3991 ἐγγόνοις,

202 4167 224 4234 ¹)
242 4164 344 4218 Vocem
363 4163 450 4231 κλέος,
473 4181 541 4236 quae
560 4182 577 4217 ε
595 4162 775 4217 Demosthene
800 4162 905 4217 demum
930 4163 957 4216 in
981 4162 1130 4234 pedestrem
1150 4160 1309 4220 orationem

134 4252 250 4306 Atticam
269 4252 423 4307 introducta
440 4266 491 4316 est,
510 4252 588 4305 Dion.
606 4269 639 4303 ex
660 4251 779 4303 Isocrate
798 4267 903 4303 snmere
922 4268 975 4303 oon
993 4252 1091 4322 potuit.

203 4338 305 4394 Contra
323 4334 430 4395 εῦκλεία
448 4339 520 4411 εριιῦ
539 4340 621 4392 Ιεοατ.
641 4336 681 4389 vl
701 4341 758 4401 109,
778 4336 849 4408 apnd
868 4336 1075 4391 Demosthenem
1095 4346 1184 4390 sotem
1205 4336 1261 4393 nisi
1283 4339 1312 4392 in

134 4427 254 4480 oratione
273 4427 365 4498 spuria
383 4426 444 4495 (LX
463 4429 508 4495 82)
527 4444 581 4480 non
600 4424 737 4479 invenitor.
