3034 4984
681 336 701 401 9

169 509 246 574 xlv
266 511 308 575 15
325 512 386 577 τοῖς
404 509 456 590 μὲν
473 511 619 589 σώμασι
637 506 703 589 μετ’
721 507 845 570 ἐκείνων
861 507 1043 570 ἀκολουθεῖν
1054 509 1273 591 ἠναγκάζοντο,

107 617 166 681 ταῖς
191 612 397 680 δἐὐνοίαις
421 611 491 692 μεθ’
516 612 600 694 ὑμῶν
623 608 711 694 ἦσαν.

169 733 271 800 Guiuu
304 732 429 816 figurae
461 751 658 816 quemquem
690 732 853 816 permulta
887 730 976 817 apud
1005 731 1196 816 Dionysium
1229 732 1275 796 iun

107 838 206 903 veniri
221 843 362 923 possunt
376 837 538 921 exemplu,
562 842 671 902 tamen
693 854 734 901 ee
750 834 973 901 tantummodo
994 835 1027 900 iu
1041 834 1182 901 medium
1205 856 1275 920 pre·

108 941 190 1007 terre
212 941 311 1025 volui,
335 959 419 1024 quae
435 940 511 1024 quin
534 958 576 1005 ex
592 940 737 1006 Isoerate
752 939 927 1024 sumpserit
942 939 1119 1024 Dionysius
1134 937 1275 1004 dubitari

107 1046 160 1110 vix
183 1052 303 1130 petest.
1210 1054 1213 1059 ’

170 1167 242 1232 lam
266 1172 471 1232 transeamus
494 1163 538 1229 ad
562 1183 634 1229 eam
656 1162 793 1246 figuram
816 1165 1000 1247 oratorium,
1029 1182 1114 1248 quue
1142 1169 1277 1229 vocatur

521 1370 552 1435 b.
575 1368 865 1435 Auuomiuatie.

171 1492 273 1558 (iuius
294 1491 419 1575 figurae
442 1490 506 1556 duo
529 1496 661 1557 exstant
674 1509 807 1575 genera,
831 1509 914 1574 quae
936 1490 1020 1556 inter
1042 1510 1077 1557 se
1093 1489 1277 1558 discernere

109 1594 195 1661 haud
218 1615 294 1662 raro
316 1593 539 1661 difficillimum
562 1599 621 1660 est.
667 1592 793 1672 Quibus
819 1595 853 1660 iu
881 1592 1073 1660 definiendis
1100 1593 1144 1659 ud
1168 1614 1276 1661 eorum

107 1700 249 1764 virerum
272 1697 438 1765 doctorum
462 1698 657 1765 seutentiam
679 1697 810 1782 accedo,
840 1698 894 1781 qui
922 1716 994 1763 eam
1017 1698 1162 1781 figurem,
1193 1717 1277 1782 quae

108 1802 246 1869 effleitur
273 1802 382 1868 verbis
409 1801 556 1868 similiter
583 1803 775 1869 sonantibus
807 1802 855 1868 ita
882 1821 992 1868 seeum
1020 1802 1208 1885 coniunctis,
1242 1808 1278 1867 ut

108 1906 205 1972 etium
240 1924 356 1972 seusus
389 1904 596 1990 respiciatur,
631 1908 876 1989 παρονομασίαν,
910 1925 998 1990 eam,
1032 1925 1116 1990 quae
1151 1912 1276 1972 tautum

107 2008 255 2092 formam,
278 2028 343 2074 nen
364 2028 495 2075 sensum
517 2014 654 2092 spectat,
678 2011 852 2094 παρήχησιν
875 2011 985 2076 voeari
1008 2010 1120 2075 volunt
1128 2013 1162 2091 1).

174 2131 222 2197 Ae
245 2135 381 2215 primum
396 2128 525 2213 quidem
549 2128 591 2194 de
606 2132 820 2213 παρονομασία
843 2150 942 2213 agere
958 2130 1035 2196 mihi
1050 2130 1157 2213 lieeet,
1181 2150 1278 2214 quam

109 2241 145 2299 ut
171 2236 335 2301 Isocrates
357 2233 445 2300 haud
467 2233 653 2317 frequenter
674 2232 851 2318 adhibete,
881 2236 928 2300 ita
951 2235 1128 2320 Dionysius
1151 2253 1278 2318 quoque

108 2357 207 2423 paree
230 2336 383 2403 admittit.

173 2458 368 2542 Plerumque
401 2458 484 2527 haee
515 2459 620 2543 figura
657 2458 704 2524 ita
737 2458 915 2541 effingitur,
957 2465 992 2525 ut
1030 2459 1133 2525 ferma
1170 2459 1280 2525 eetive

110 2563 325 2645 coniungatur
357 2582 430 2629 eum
462 2563 567 2628 ferma
593 2562 726 2647 passiva
755 2561 901 2629 eiusdem
930 2563 1036 2642 verbi3
1072 2564 1161 2628 velut
1189 2561 1278 2647 apud

110 2665 302 2751 Dionysium

175 2787 251 2852 113
275 2786 345 2850 οὔτε
368 2786 475 2872 ἀρχειν
499 2788 616 2855 ἀπαξιῶ
640 2785 711 2850 οὔτε
735 2786 925 2872 ἄρχεσθαι
949 2786 1121 2869 ἀναίνομαι,

176 2907 221 2973 IV
244 2909 286 2974 36
313 2910 365 2971 καὶ
387 2907 519 2992 ἄρχειν
543 2908 706 2992 ἐπίσταμαι
730 2910 833 2977 καλῶς
856 2909 907 2970 καὶ
930 2906 1126 2992 ἄρχεσθαι
1149 2907 1279 2991 δύναμαι

110 3011 287 3097 σωφρόνως,

174 3133 220 3199 lv
244 3134 286 3198 74
308 3134 341 3196 τὸ
365 3132 420 3215 γὰρ
445 3132 476 3194 ἐν
493 3133 581 3216 μέρει
604 3133 654 3195 τὸν
677 3131 766 3196 αὐτὸν
789 3131 920 3215 ἀρχειν
943 3152 977 3192 τε
1000 3132 1052 3193 καὶ
1075 3130 1279 3216 ἄρχεσθαι,

175 3253 255 3320 ΙΧθ
266 3253 336 3322 τοὺς
350 3251 414 3315 οὔτ’
426 3250 448 3314 ἀ
455 3275 561 3338 ρχειν
577 3253 765 3334 δυναμένους
779 3250 843 3314 οὔτ’
856 3249 1047 3336 ἄρχεσθαι
1061 3251 1280 3337 βουλομένους,

175 3375 224 3441 lx
246 3376 288 3440 32
311 3373 382 3438 οὔτε
405 3374 595 3459 ἄρχεσθαι
619 3374 823 3456 ὑπομένοντες
848 3370 919 3435 οὔτε
943 3370 1073 3457 ἄρχειν
1097 3370 1223 3441 εἰδότες.

175 3495 301 3575 Quibus
329 3495 478 3562 omuibus
505 3494 585 3560 lueis
612 3493 770 3579 Dionysio
804 3499 882 3558 aute
910 3493 1021 3560 oeulos
1049 3498 1181 3558 versata
1208 3512 1282 3559 esse

111 3600 239 3668 videtur
260 3599 318 3665 illa
339 3598 502 3665 sententia
525 3598 676 3664 Isoeratiu
699 3596 750 3661 ΙΙΙ
774 3596 814 3662 57

175 3723 210 3804 ἦν
232 3722 289 3805 γὰρ
306 3723 407 3790 καλῶς
432 3719 622 3804 ἄρχεσθαι
645 3719 779 3800 μοὶθιοσι,
803 3720 925 3782 πολλῶν
940 3716 1076 3802 ἄρχειν
1092 3719 1281 3801 δυνήσονται.

175 3841 275 3908 Aliud
299 3841 395 3906 huius
417 3839 540 3923 figurae
563 3839 746 3925 exemplum
770 3843 881 3904 exstat
903 3839 993 3923 apud
1015 3839 1111 3906 Dion.
1136 3838 1229 3904 1118

176 3963 207 4026 ἐν
228 3957 256 4049 qi
280 3964 330 4026 καλ
354 3961 609 4046 κρατηθέντες
633 3960 802 4023 ἀπολεῖσθε
826 3962 877 4023 καὶ
901 3962 1175 4044 κρατήσαντες,

176 4083 220 4149 IV
243 4083 285 4149 83
309 4080 442 4168 σφ’ζιιν
465 4105 498 4144 τι
522 4083 676 4166 ἡμᾶςκαὶ
700 4078 893 4164 σῴζεσθαι
918 4083 970 4166 ὑφ’
993 4083 1091 4163 ἡμῶν,

181 4290 201 4356 ¹)
219 4287 254 4342 cs.
267 4288 419 4358 Steinberg,
438 4287 562 4357 Beitrige
582 4304 629 4339 zur
642 4283 816 4359 Witrdigung
836 4287 884 4343 der
896 4287 1051 4359 'rtukydiu
1070 4286 1176 4354 eedem
1197 4284 1287 4339 Berlin

116 4377 189 4438 1870,
208 4391 268 4446 pag.
290 4377 400 4432 13-15.

180 4463 201 4529 ¹)
220 4461 254 4515 cs.
274 4460 361 4525 Βλιοσ,
380 4461 503 4515 Attisehe
523 4461 739 4517 Beredteumkeit
756 4464 810 4525 11⁸,
831 4482 893 4536 pag.
913 4468 973 4523 177.
