3034 4984
807 368 849 436 30

727 457 930 468 ——n

933 468 937 479 ι

308 539 402 605 Dion.
427 539 489 604 VII
518 539 559 605 50
586 539 620 602 τί
647 541 705 602 δεῖ
731 539 773 602 τὰ
803 538 995 622 με’λλοντα
1023 539 1305 623 τεκμαίρεσθαι
1332 546 1418 611 τοῖς

243 642 434 726 γεγονόσιν
457 681 510 718 -,
533 642 614 707 VIII
638 644 679 708 34
703 642 798 724 εἴγε
822 643 883 704 δεῖ
908 643 1181 727 τεκμαίρεσθαι
1204 649 1280 714 τοῖς
1304 668 1417 727 γεγο-

243 748 345 810 νόσιν
367 744 436 830 ἤδη
461 748 501 809 τὰ
526 745 715 827 μέλλοντα
739 749 812 827 ·-¹)

308 887 349 933 ex
370 868 469 933 Isocr.
493 866 538 931 lv
564 867 621 931 141
653 868 685 929 εἰ
713 867 752 930 δὲ
782 869 839 930 δεῖ
866 867 908 928 τὰ
936 867 1129 950 μέλλοντα
1153 873 1229 937 τοῖς
1253 892 1417 952 γεγενη-

244 972 371 1054 μένοις
398 970 675 1054 τεκμαίρεσθαι
703 1006 745 1017 -
774 972 812 1035 υό
835 970 879 1035 vl
908 971 949 1036 59
983 969 1088 1054 εἴπερ
1123 971 1194 1054 χρὴ
1229 972 1314 1056 περὶ
1343 978 1417 1034 τῶν
1499 974 1501 981 ’

244 1073 458 1157 μελλόντων
482 1074 758 1157 τεκμαίρεσθαι
781 1078 856 1143 τοῖς
880 1072 950 1157 ἤδη
974 1074 1246 1157 γεγενημένοις
1270 1111 1325 1150 -,

308 1194 550 1261 etDion.X51
578 1195 826 1279 βουλεύονται
849 1193 974 1279 τᾶριστα
996 1196 1080 1278 περὶ
1103 1201 1173 1257 τῶν
1196 1195 1416 1278 μελλόντων

245 1297 1416 1381 οἱπαραδείγματαποιοόμενοιτὰγεγονότατῶνέσομένων-

308 1440 349 1485 ex
377 1420 473 1486 Isocr.
502 1420 518 1483 I
547 1419 589 1485 34
618 1418 894 1502 βουλευόμενος
918 1419 1206 1502 παραδείγματα
1228 1424 1340 1481 ποιοῦ
1370 1421 1414 1483 τὰ

243 1521 533 1608 παρεληλυθότα
561 1528 630 1584 τῶν
662 1520 875 1604 μελλόντων
898 1559 940 1569 -
963 1523 1114 1587 et1135
1138 1520 1172 1585 ἂν
1196 1522 1252 1604 γὰρ
1275 1523 1413 1608 τόπαρ·

244 1626 417 1709 εληλυθότα
452 1625 658 1708 μνημονεύῃς,
693 1624 817 1708 ἄμεινον
852 1627 934 1710 περὶ
968 1632 1038 1688 τῶν
1073 1624 1290 1709 μελλόντων
1326 1628 1412 1711 βου·

244 1729 375 1792 λεόσει
398 1767 440 1777 -

307 1858 438 1935 sumpta
460 1868 531 1915 esse
554 1847 666 1931 negari
688 1847 743 1913 vix
766 1854 884 1933 potest.

308 2071 373 2138 Sed
396 2073 462 2137 iam
484 2071 566 2137 baec
589 2071 715 2153 singula
739 2072 839 2137 misso
861 2070 1020 2139 faciamus
1043 2079 1076 2138 et
1099 2073 1353 2158 contemplemur

243 2209 310 2279 1v.
334 2210 535 2279 orationes
550 2209 759 2296 quasdam,
781 2226 883 2295 quas
904 2210 955 2279 ad
977 2210 1166 2280 Isocratis
1183 2211 1411 2297 exemplum

591 2312 814 2398 composuit
835 2312 1067 2404 Dionysius.

308 2435 499 2519 Dionysium
540 2454 603 2499 non
645 2431 740 2500 modo
774 2436 961 2519 sententias,
1001 2436 1111 2520 verba,
1153 2436 1333 2503 locutiones
1371 2458 1411 2504 ex

244 2539 385 2622 antiquis
414 2537 624 2622 scriptoribus
653 2535 811 2620 hausisse,
836 2558 899 2603 non
921 2537 1017 2604 modo
1041 2545 1141 2605 -ut
1169 2540 1216 2604 ita
1239 2540 1347 2606 dicam
1370 2579 1413 2588 -

245 2642 372 2728 lapides
395 2641 539 2724 singulos
561 2641 603 2706 ab
624 2640 663 2705 iis
679 2646 859 2706 mutuatum
875 2661 958 2723 esse,
984 2642 1043 2707 sed
1059 2643 1156 2708 etiam
1172 2642 1324 2709 aedificia
1339 2644 1412 2730 ipsa

245 2746 289 2811 ad
313 2746 437 2811 illorum
461 2743 644 2829 exemplum
672 2749 839 2810 exstruere
867 2752 1017 2811 conatum
1045 2765 1117 2812 esse
1144 2747 1208 2812 iam
1237 2748 1412 2814 aFlierlio

243 2850 498 2915 demonstratum
532 2854 598 2930 est3
638 2866 742 2931 nuque
777 2855 885 2914 tamen
919 2850 1088 2933 quisquam
1122 2850 1154 2914 in
1188 2851 1411 2933 quaestionem

242 2956 381 3037 vocavit,
411 2973 486 3018 num
516 2951 613 3016 etiam
643 2952 805 3017 Isocrates
837 2952 867 3016 ei
895 2952 927 3016 in
954 2953 1184 3037 componendis
1212 2955 1412 3021 orationibus

244 3065 320 3123 ante
336 3056 461 3142 oculos
489 3061 639 3121 versatus
662 3055 712 3120 sit.
759 3054 853 3131 Quod
876 3057 1061 3140 perquirere
1084 3057 1117 3121 in
1140 3056 1202 3123 hac
1230 3065 1324 3142 parte
1348 3058 1412 3125 dis-

243 3160 427 3228 sertationis
450 3157 527 3223 mihi
550 3157 749 3243 propositum
773 3164 832 3224 est
1343 3155 1347 3162 '

307 3281 414 3364 Atque
442 3280 581 3364 primum
611 3276 741 3361 quidem
770 3277 927 3361 conferas,
958 3279 985 3345 si
1012 3279 1129 3365 placet,
1162 3281 1272 3347 Dion.
1301 3281 1347 3347 IV
1370 3285 1412 3349 36

243 3406 315 3452 cum
339 3384 457 3449 Isocr.
481 3383 532 3447 ΙΙΙ
555 3382 692 3464 32-38,
721 3400 762 3446 ea
784 3401 867 3465 quae
890 3381 1012 3466 profert
1035 3383 1161 3449 Tullius
1184 3403 1242 3448 rex
1272 3404 1345 3450 cum
1371 3388 1411 3452 iis

243 3507 327 3572 quae
356 3487 503 3552 Nicoclcs
532 3485 620 3567 dicit,
648 3504 783 3568 quorum
810 3492 944 3568 uterque
972 3493 1163 3568 regnantem
1192 3506 1264 3553 sese
1296 3490 1411 3571 quavis

242 3592 359 3657 iniuria
382 3590 577 3656 abstinuisse
600 3588 724 3654 civibus
747 3587 968 3654 demonstrare
991 3588 1108 3655 studet.

307 3712 414 3777 Primo
442 3711 513 3776 loco
539 3709 698 3775 neminem
727 3728 763 3774 se
791 3715 947 3790 regnante
975 3717 1033 3775 aut
1062 3709 1266 3777 interfectum
1292 3718 1351 3777 aut
1378 3712 1411 3777 in

244 3815 392 3882 exsilium
416 3814 553 3879 eiectum
576 3818 633 3878 aut
656 3811 748 3878 bonis
772 3812 839 3877 suis
862 3813 1023 3896 privatum
1046 3833 1118 3880 esse
1142 3820 1276 3897 uterque
1299 3815 1409 3881 affert:

307 3935 401 4002 Dion.
418 3935 464 4000 IV
480 3934 521 3998 36
543 3932 643 4016 ἡδέως
661 3932 687 3995 δ’
704 3931 739 3995 ἂν
755 3931 907 4016 πυθοίμην
923 3934 994 4017 παρ’
1010 3934 1109 3998 αὐτῶν
1125 3935 1203 4006 τίνος
1220 3937 1409 4020 ἀδικήματος

244 4040 334 4103 ἕνεκα
367 4036 539 4121 πολεμοῦσί
571 4060 622 4116 μοι
655 4037 705 4098 καὶ
740 4037 788 4098 ἐπὶ
817 4035 870 4097 τίνι
899 4044 957 4100 τῶν
987 4040 1068 4120 ἐμῶν
1098 4037 1193 4121 ἔργων
1223 4038 1408 4123 ἀχθόμενοι·

243 4142 369 4227 πότερον
385 4141 429 4204 ὅτι
444 4138 578 4209 πολλοὺς
599 4140 696 4202 ἴσασιν
719 4139 778 4201 ἐπὶ
801 4144 867 4223 τῆς
892 4141 982 4224 ἐμῆς
1008 4143 1129 4225 ἀρχῆς
1154 4142 1295 4226 ἀκρίτους
1320 4144 1409 4205 ἀπο-

313 4328 333 4395 1)
352 4326 382 4379 ln
401 4326 557 4381 adhibendis
582 4327 669 4381 verbis
687 4322 806 4397 γεγονώς
829 4337 856 4381 et
877 4327 1053 4397 γεγενημένος
1071 4328 1218 4399 Dionysius
1238 4330 1270 4381 ab
1289 4330 1409 4383 Isocrate

243 4413 385 4485 discrepat,
413 4414 484 4486 npud
511 4431 589 4486 quem
616 4414 666 4467 hoc
690 4432 796 4486 semper
822 4423 864 4469 est
887 4415 1017 4481 ‚,sactus“,
1042 4415 1108 4468 illud
1133 4421 1246 4481 „natus“
1270 4417 1316 4484 (cs.
1341 4417 1408 4481 Keil,

243 4501 374 4555 Analecta
394 4502 529 4555 Isocraten
547 4519 610 4572 pog-
631 4504 697 4571 128).
