3034 4984
680 376 720 441 17

175 547 283 627 Quem
316 546 453 632 legimus
492 546 738 614 translationem
773 544 863 630 apud
889 545 986 612 Dion.
1014 545 1061 611 VI
1082 546 1122 612 41
1158 549 1221 615 τοῖς
1250 546 1285 608 δὲ

113 651 277 734 προθύμως
309 649 547 733 ἀγωνισαμένοις
577 652 739 719 κάλλιστος
770 650 826 731 μὲν
856 650 1006 734 στέφανος
1040 648 1145 719 πόλις
1179 650 1236 734 ῆδε
1265 650 1284 731 ῆ

113 754 275 838 γειναμίνη
300 756 419 816 στᾶσα
443 753 554 839 ὀρθή,

175 894 216 940 ee
244 872 439 960 deprompto
467 893 540 942 esee
562 872 692 940 videtur
714 892 756 939 ex
778 874 877 940 Isoor.
902 873 931 939 V
954 874 996 939 70
1019 873 1151 956 αἰσθάνη
1175 873 1209 935 δὲ
1233 873 1285 957 τὴν

111 973 247 1040 ιΕλλάδα
269 982 371 1041 πᾶσαν
395 977 508 1061 όρθῆν
523 975 646 1040 ὀὖσαν
670 984 703 1043 et

176 1098 255 1164 XVI
278 1100 298 1165 7
322 1098 440 1183 όρθῆς
463 1100 497 1161 δὲ
521 1103 575 1182 τῆς
599 1098 745 1168 πόλεως
769 1099 994 1182 γενομένης,

177 1220 330 1303 quoniam
352 1218 443 1306 epod
466 1219 718 1287 Demosthenem
740 1239 779 1285 ea
805 1241 869 1287 non
892 1225 1011 1286 exstat.

179 1340 281 1420 Quasi
297 1340 493 1407 eontrarium
508 1340 709 1425 significatur
723 1342 937 1409 translatione
952 1341 1085 1423 πατρὶς
1102 1340 1168 1420 (νοί
1184 1339 1283 1421 πόλις)

14 1446 15 1459 ’
117 1451 238 1515 νοσεῖ,
267 1464 366 1529 qnam
390 1445 566 1531 Dionysius
588 1445 669 1512 setis
692 1444 877 1528 adamavit3
900 1443 1019 1527 tegitur
1040 1444 1125 1509 enim

180 1566 259 1632 VIII
283 1566 326 1631 49
348 1568 367 1648 ῆ
392 1568 497 1651 πατρὶς
520 1570 707 1645 νοσοῦσα,

176 1687 226 1752 IX
248 1687 291 1753 29
313 1688 363 1750 καὶ
385 1690 438 1768 τὴν
460 1686 545 1750 πόλιν
569 1688 636 1770 ῦγιῆ
660 1690 760 1771 πάσης
784 1687 893 1751 νόσου
916 1691 1082 1770 πολιτικῆς,

176 1808 225 1873 IX
248 1808 290 1873 53
319 1807 434 1891 οὐγὰρ
458 1808 491 1870 τὸ
521 1811 651 1870 νοσοῦν
676 1808 896 1893 ὑγιασθήσεται
919 1813 973 1892 τῆς
997 1810 1152 1878 πολιτείας
1176 1808 1283 1892 μέρος,

13 1998 14 2017 γ
175 1928 208 1993 Χ
231 1929 250 1993 7
273 1928 325 1991 ὅτε
348 1930 367 2011 ἡ
392 1931 510 2011 μεγάλη
535 1926 644 1999 νόσος
667 1929 821 2016 κατέλαβε
838 1931 890 2014 τῆν
906 1928 990 1993 πόλιν
1007 1930 1086 2015 (non
1102 1928 1144 1995 de
1159 1931 1280 2014 morb0‚

13 2090 15 2111 ,
115 2031 171 2097 sed
193 2030 235 2097 de
258 2030 417 2098 seditione
439 2030 582 2116 quadam
605 2030 750 2116 dietum),

175 2152 225 2218 XI
248 2152 267 2216 7
299 2153 486 2223 elnonenses<
511 2153 556 2215 ότι
579 2156 764 2217 σεσάλευται
787 2155 837 2216 καὶ
860 2158 970 2216 νοσεῖ
990 2155 1023 2217 τὸ
1046 2155 1170 2237 πάτριον
1194 2156 1281 2237 ἡμῶν

13 2258 14 2303 t
114 2256 281 2339 πολίτευμα
305 2256 339 2319 ἐκ
362 2259 490 2330 πολλοῦ,
514 2261 545 2320 et
567 2256 666 2341 poulo
688 2255 774 2323 infre

175 2376 246 2439 όταν
270 2377 305 2440 δὲ
328 2380 495 2439 νοσοῦσα
520 2376 601 2461 (soil.
625 2379 766 2458 ἡπόλις)
790 2379 822 2441 ἐν
846 2378 927 2462 αῦτη
951 2382 1086 2447 ...τοῖς
1110 2377 1281 2462 ὑπαιθρίοις

12 2546 13 2549 ¹
114 2478 205 2562 όμόσε
230 2485 322 2564 χονρῆ
343 2481 513 2564 πολεμίοις.

12 2566 13 2577 ¹
175 2599 249 2679 Qns
271 2601 483 2667 translatione
506 2602 606 2667 etiam
628 2622 707 2670 nens
729 2608 782 2669 est
803 2604 981 2670 Isocrates:

175 2721 207 2786 X
222 2722 265 2787 34
288 2722 414 2805 νομίσας
431 2723 486 2787 οῦκ
502 2723 656 2808 ἄρχοντας
673 2724 752 2787 ἀλλὰ
776 2726 967 2810 νοσήματα
991 2731 1050 2788 τῶν
1069 2723 1187 2788 πόλεων
1205 2723 1281 2788 εἶναι

113 2823 182 2894 τοὺς
205 2824 375 2910 τοιούτους,

174 2945 241 3011 XII
263 2945 306 3011 99
329 2945 439 3010 ἐκεῖνον
462 2948 515 3030 μὲν
538 2946 574 3011 ἂν
597 2955 719 3032 φανεῖεν
743 2949 864 3018 ἁπάσας
887 2947 940 3017 τὰς
964 2948 1064 3017 πόλεις
1090 2950 1279 3033 ...μεστάς

111 3051 311 3133 πεποιηκότες
335 3050 561 3115 τῶντοιούτων
585 3058 751 3137 συμφορῶν
775 3052 826 3116 καὶ
849 3056 1090 3135 νοσημάτων,

172 3169 239 3235 XII
269 3170 329 3235 165
361 3174 455 3234 ταῦτα
484 3174 518 3236 δὲ
548 3174 764 3257 διανοηθέντες
794 3179 853 3236 τῶν
883 3174 938 3255 μὲν
965 3173 1055 3258 ῆττον
1086 3178 1280 3238 νοσουσῦνν

112 3270 192 3358 (soil.
215 3272 347 3354 πόλεων)
454 3274 581 3359 ἐξαιρεῖν
605 3277 771 3361 ἐπειρῶντο
795 3276 849 3346 τὰς
873 3277 1035 3362 διαφοράς.

173 3393 240 3460 Sed
255 3414 327 3461 eum
341 3393 422 3461 haec
433 3396 602 3463 translatio
614 3397 714 3463 etiem
724 3395 814 3481 apud
825 3396 1077 3464 Demosthenem
1090 3399 1280 3482 reperietur,

113 3495 322 3563 Demostheni
344 3518 387 3562 an
410 3499 546 3564 Isocrati
568 3519 611 3565 en
635 3499 763 3581 utrique
786 3518 859 3565 eam
882 3499 1004 3567 debent
1022 3501 1200 3587 Dionysius
1222 3522 1280 3586 pro

111 3607 198 3666 oerto
220 3599 286 3667 diei
308 3601 428 3684 nequit.

175 3720 228 3786 Ad
250 3720 335 3787 hene
351 3721 596 3789 translationem
619 3739 722 3809 prope
744 3720 875 3790 aceedit
896 3723 984 3806 quod
1007 3722 1086 3790 dioit
1102 3724 1281 3809 Dionysius

173 3842 253 3908 VIII
269 3842 311 3907 49
334 3845 352 3926 ῆ
369 3844 474 3928 πατρὶς
490 3849 623 3907 νοσοῦσα
645 3843 696 3910 καλ
713 3843 743 3906 ἐν
759 3846 867 3931 πολλιγῖ
882 3844 1012 3911 κλῦῦοννι
1028 3846 1280 3932 σαλευομένη,

172 3952 204 4018 X
229 3952 265 4017 ll
297 3952 329 4015 ἐν
352 3951 490 4037 τοσοῦτιρ
517 3956 554 4039 ῦῆ
578 3956 706 4035 κινῦῦνιρ
734 3955 968 4028 σαλεύοντες
997 3955 1094 4019 ἱκέται
1117 3956 1280 4040 γιγνόμεθα

111 4063 205 4137 υμῶν,

171 4167 220 4232 XI
244 4167 264 4232 7
293 4167 523 4230 σεσάλευται
551 4170 601 4231 καὶ
626 4172 713 4232 νοσεῖ
734 4172 768 4235 τό
791 4172 916 4257 πάτριον
940 4174 1028 4257 ἡμῶν
1051 4172 1220 4255 πολίτευμα
1245 4171 1280 4234 ἐκ

109 4273 235 4352 πολλοῦ,

171 4381 220 4447 XI
253 4380 274 4445 9
307 4378 407 4451 δείξας
442 4381 474 4445 to
508 4382 563 4468 οίιμ
596 4383 728 4447 κλύδωνι
763 4385 800 4447 τὰ
836 4386 999 4472 πράγματα
1034 4387 1192 4452 σαλεόει
1226 4390 1280 4470 τῆς

109 4482 236 4556 πόλεως.

1062 4594 1078 4645 9
