3034 4984
675 357 713 422 13

592 447 795 457 ----

581 597 612 663 d.
636 597 814 682 Compar.

172 737 233 803 Oui
264 737 388 822 figurae
421 737 628 822 effingendee
656 738 843 821 Isoorutem,
875 757 948 804 oum
982 736 1277 803 annominationem

108 840 197 907 houd
224 841 273 907 itu
299 830 491 925 frequentes
512 840 684 907 adhiberet
706 879 748 890 -
771 843 804 917 in
827 859 889 925 quo
914 840 1104 926 Dionysium
1133 859 1207 906 oum
1230 858 1278 906 se-

108 951 217 1010 outnm
233 965 306 1012 esse
321 945 460 1012 vidimus
476 983 527 1029 —,
541 951 715 1030 ⁴tantopere
738 943 903 1011 studuisse
925 950 1063 1028 oonstat,
1086 949 1122 1010 ut
1144 962 1185 1009 ea
1208 943 1278 1009 eius

108 1049 300 1116 elocutionis
322 1051 454 1136 propria
477 1048 541 1115 diei
564 1049 676 1135 possit.
715 1050 832 1133 Itaque
855 1069 928 1115 oum
951 1048 994 1114 ad
1017 1046 1222 1139 efficiendum
1244 1046 1279 1111 id

107 1152 194 1236 qnod
218 1155 311 1219 nobis
333 1154 559 1239 proposuimus
581 1173 646 1219 non
667 1152 761 1238 porvi
791 1172 864 1219 esse
887 1152 1039 1218 momenti
1061 1151 1222 1234 videatur,
1251 1149 1279 1215 si

106 1257 302 1343 Dionysium
325 1278 453 1342 quoque
475 1256 700 1341 exaequandis
722 1257 875 1324 membris
891 1256 1123 1323 sententiarum
1145 1274 1279 1341 operam

107 1359 242 1428 dedisse
279 1359 493 1428 demonstrari
530 1362 648 1447 possit,
693 1361 845 1446 exempla
881 1360 975 1427 huius
1011 1359 1151 1443 figurae,
1195 1377 1279 1441 quae

105 1463 240 1548 quidem
273 1465 429 1531 notabilia
462 1464 649 1548 videantur,
691 1484 732 1530 ex
766 1465 923 1550 Dionysio
962 1463 995 1528 in
1032 1462 1174 1528 medium
1207 1481 1280 1546 pro·

105 1567 192 1634 serre
220 1568 299 1634 mihi
326 1568 432 1652 liceat,
459 1568 652 1654 praesertim
674 1587 747 1633 eum
777 1558 949 1635 nemodum
977 1566 1207 1632 inhonorem
1233 1566 1279 1630 in—

105 1672 293 1756 quisiverit3
328 1692 369 1738 ex
396 1673 540 1739 Isocrate
568 1672 719 1757 exempla
751 1672 868 1738 afferre
896 1690 1173 1756 supervacaneum
1207 1688 1279 1735 esse

107 1784 196 1862 puto,
226 1797 300 1843 oum
327 1777 429 1844 ouivis
455 1776 541 1843 huno
567 1776 757 1862 scriptorem
786 1775 949 1842 evolventi
976 1773 1059 1841 haee
1087 1773 1191 1857 figura
1213 1791 1279 1839 ses-

107 1881 231 1947 centies
253 1886 411 1947 ooourrut.

174 2000 347 2084 Παρίσιοσις
373 2009 405 2067 et
427 2001 517 2088 apud
533 2002 710 2067 Isocratem
733 2008 767 2068 et
781 2000 870 2085 apud
887 2000 1078 2085 Dionysium
1095 1996 1184 2063 houd
1206 2016 1279 2062 raro

107 2112 247 2190 nugetur
260 2111 361 2188 atque
375 2105 592 2190 amplificatur
606 2124 647 2170 ea
661 2104 766 2188 figura
781 2124 866 2188 quae
881 2111 1017 2170 vocatur
1032 2103 1278 2184 ὁμοιοτέλεοτον,

108 2229 194 2293 quae
215 2208 355 2275 effioitur
378 2210 485 2276 verbis
514 2209 547 2275 in
570 2208 706 2275 diversis
728 2208 961 2274 enuntiationis
983 2205 1135 2272 membris
1157 2204 1281 2289 puriter

108 2313 160 2378 vel
183 2312 333 2379 similiter
354 2311 587 2379 desinentibus.

174 2432 301 2511 Quibus
323 2434 511 2518 praemissis
526 2432 577 2498 'ad
600 2452 667 2499 rem
690 2433 796 2518 ipsam
819 2431 1059 2516 aggrediamur.

173 2555 271 2621 Dion.
287 2555 320 2618 Il
338 2556 358 2619 3
374 2552 444 2617 οὔτε
461 2560 526 2624 ταῖς
543 2554 718 2639 εὐπραγίαις
735 2561 795 2617 τῶν
811 2554 919 2635 ὀλίγων
935 2552 1007 2615 οὔτε
1023 2556 1088 2619 ταῖς
1104 2549 1279 2633 δυστυχίαις

108 2665 169 2722 τῶν
191 2661 326 2721 πολλῶν.

175 2746 220 2845 [θ
248 2779 292 2844 36
326 2780 377 2842 καὶ
410 2778 517 2864 ἄρχειν
551 2778 715 2863 ἐπίσταμαι
749 2781 853 2848 καλῶς
887 2777 938 2839 καὶ
968 2773 1122 2859 ἄρχεσθαι
1152 2774 1281 2855 δύναμαι

110 2906 287 2967 σωφρονως.

173 3004 202 3069 V
218 3003 260 3069 66
283 3004 496 3087 φθονήσεσθαι
515 3005 570 3086 μὲν
587 3003 742 3087 εὐπορίαν,
767 2999 1039 3083 καταλυθήσεσθαι
1063 2999 1098 3061 δὲ
1113 2996 1281 3081 φιλεργίαν.

174 3125 219 3191 IV
242 3124 284 3190 82
306 3126 375 3207 περὶ
399 3126 454 3207 μὲν
477 3130 530 3208 τῆς
555 3121 723 3208 Ταρκυνίου
747 3120 923 3190 πλεονεξίας
940 3117 1073 3188 πολλοὺς
1092 3116 1283 3203 ἀναιρεῖσθαι

110 3228 279 3310 πολέμους,
304 3229 372 3311 περὶ
396 3227 430 3290 δὲ
453 3232 508 3311 τῆς
532 3228 649 3291 ἑαυτῶν
674 3224 855 3308 ἐλευθερίας
879 3222 1007 3307 μηδένα.

173 3349 220 3415 vl
244 3348 285 3414 52
313 3352 355 3431 μὴ
383 3351 505 3431 γνώμας
533 3348 724 3432 εἰσηγεῖσθαι
754 3346 937 3428 σωτηρίους,
968 3341 1037 3407 ἀλλ’
1058 3341 1155 3427 εὐχὰς
1184 3340 1283 3422 λέγειν

112 3455 289 3522 ἀδυνάτους.

174 3574 220 3639 VI
244 3574 286 3640 73
309 3573 346 3636 τὰ
369 3575 424 3656 μὲν
448 3574 490 3643 εἰς
515 3573 567 3657 τὴν
592 3570 783 3653 ἐλευθερίαν,
808 3569 844 3632 τὰ
868 3571 902 3632 δὲ
927 3570 971 3638 εἰς
995 3568 1048 3651 τὴν
1071 3567 1247 3651 ἡγεμονίαν.

174 3695 220 3760 VI
247 3696 289 3761 79
316 3696 347 3759 ἐν
377 3688 404 3779 qi
434 3694 471 3756 τὰ
502 3694 557 3776 μὲν
586 3688 780 3778 κρατηθέντα
810 3690 929 3774 ἀτυχεῖ,
961 3688 997 3752 τὰ
1026 3688 1060 3751 δὲ
1091 3689 1285 3770 κρατήσαντα

113 3798 220 3862 ἀδικεῖ.

175 3919 239 3985 vll
266 3919 310 3984 24
340 3915 487 4001 πολέμιον
517 3919 572 4001 μὲν
600 3917 634 3979 τὸ
665 3911 851 4002 βουλόμενον
876 3958 884 3979 .
908 3963 916 3981 .
940 3962 959 3990 .,
989 3913 1089 3977 δειλὸν
1119 3910 1154 3973 δὲ
1182 3908 1215 3972 τὸ
1244 3907 1285 3991 μὴ

113 4024 288 4107 δυνάμενον.

175 4141 238 4207 vll
262 4142 303 4207 32
327 4144 368 4225 μὴ
392 4138 490 4221 λόγων
514 4142 711 4224 μνησικακεῖν
735 4140 875 4224 φαύλων,
901 4139 971 4203 ἀλλ’
990 4135 1088 4221 ἔργων
1105 4131 1288 4231 ’μεμνῆσθαι

113 4249 223 4310 καλῶν.

177 4368 238 4434 VII
260 4367 299 4432 41
326 4367 430 4449 ὥσπερ
455 4363 506 4429 οὖν
532 4370 591 4429 τῶν
608 4367 754 4447 λαμπρῶν
777 4364 828 4429 καὶ
845 4365 989 4449 μεγάλων
1004 4358 1192 4448 ἀφιστάμεθ’
1209 4357 1288 4440 ὑμῖν,

115 4470 209 4543 οὕτως
232 4478 291 4536 τῶν
315 4468 387 4533 ίσιυν
411 4472 461 4533 καὶ
485 4476 593 4533 κοινῶν
617 4470 653 4533 οὐ
677 4468 864 4555 μεθιέμεθα.
