3034 4984
707 306 726 368 5

94 548 99 559 ,
196 476 245 541 De
275 474 437 541 rhetorica
465 473 574 540 indole
600 474 781 540 orationum
810 473 843 539 in
865 474 1122 560 Antiquitatibus
1144 476 1299 543 Romanis

130 578 162 643 in
196 578 381 645 universum
415 576 596 662 disputavit
628 578 857 677 Liersius¹)‚
896 578 956 644 sed
988 586 1078 644 certa
1111 580 1299 645 imitationis

131 683 282 768 exempla
305 702 368 748 non
390 682 510 748 attulit.

194 803 301 870 Locos
330 823 351 868 a
376 803 537 888 prioribus
565 809 693 869 notatos
721 803 852 886 collegit
880 802 1051 886 multisque
1074 805 1233 890 exemplis
1256 824 1297 870 ex

130 906 362 991 Demosthene,
378 905 583 992 Thucydide,
601 907 817 992 Xenophonte
833 908 970 992 sumptis
993 908 1087 973 auxit
1105 907 1299 994 Iosephus

128 1009 321 1094 Flierlel),
345 1010 401 1094 qui
417 1015 503 1076 totas
519 1010 682 1077 orationes
704 1010 754 1076 vel
776 1015 887 1095 partes
909 1011 1089 1077 orationum
1105 1031 1126 1076 a
1141 1012 1299 1098 Dionysio

128 1112 171 1178 ad
206 1113 411 1197 antiquorum
454 1113 674 1198 exemplorum
714 1114 958 1180 similitudinem
997 1114 1192 1201 compositas
1226 1134 1298 1182 esse

127 1216 252 1301 primus
274 1216 416 1283 dilucide
440 1216 682 1284 demonstrarit.

192 1338 231 1402 ln
243 1337 456 1404 elocutionem
467 1338 617 1424 Dionysii
629 1339 801 1422 diligenter
811 1338 976 1422 inquisivit
988 1338 1041 1405 Go
1049 1359 1067 1404 e
1075 1339 1151 1405 tnel
1161 1359 1251 1406 erus
1260 1340 1296 1423 ³),

130 1441 184 1525 qui
200 1441 233 1506 in
250 1441 479 1508 dissertatione
494 1441 596 1507 multa
611 1442 751 1527 collegit,
768 1462 852 1526 quae
868 1442 1045 1528 Dionysius
1060 1463 1102 1510 ex
1118 1449 1296 1528 poetarum,

129 1543 362 1629 historicorum,
386 1552 549 1612 oratorum
572 1545 713 1612 dictione
735 1548 768 1611 in
792 1566 885 1612 usum
908 1566 1002 1612 suum
1025 1548 1230 1613 converterit.

193 1665 257 1744 Qui
279 1666 339 1731 riri
356 1665 442 1732 docti
465 1686 576 1732 omnes
599 1667 805 1733 consentiunt
819 1667 1010 1753 Dionysium
1034 1668 1203 1753 permultis
1218 1667 1296 1735 locis

129 1768 172 1835 ed
199 1768 429 1836 Demosthenis
456 1791 559 1854 genus
588 1769 715 1837 dicendi
745 1789 818 1838 sese
835 1771 1041 1855 applicasse.
1086 1772 1129 1835 Et
1157 1770 1298 1854 quadrat

129 1871 188 1940 hoc
203 1873 247 1939 ad
263 1893 314 1958 ea,
338 1893 422 1957 quae
437 1874 614 1959 Dionysius
637 1875 670 1939 in
686 1874 815 1959 scriptis
831 1873 998 1941 rhetoricis
1021 1874 1063 1940 de
1085 1873 1146 1941 hoo
1168 1881 1296 1941 oratore

128 1976 267 2061 disserit,
298 1978 349 2043 cui
373 1976 577 2043 hauddubie
599 1979 720 2062 primus
744 1978 856 2043 tribuit
878 1984 997 2062 partes.
1042 1978 1151 2061 Leges
1174 1998 1296 2061 quaeso

128 2080 214 2163 quod
237 2079 317 2148 dicit
339 2081 370 2146 in
394 2081 535 2166 epistula
556 2080 601 2146 ad
623 2081 680 2147 On.
703 2081 893 2165 Pompeium
916 2081 1085 2148 Geminum
1111 2081 1216 2165 (752):

191 2208 271 2287 τρεῖς
302 2204 357 2284 μὲν
385 2201 416 2270 ἐξ
444 2203 582 2265 ἁπάντων
612 2201 796 2286 ἐξελεξάμην
824 2202 894 2272 τοὺς
922 2205 1089 2272 δοκοῦντας
1117 2202 1191 2267 εἶναι
1219 2207 1296 2286 λσμ-

128 2308 297 2389 προκοίτους
316 2302 494 2389 Ἰσοκράτην
517 2306 568 2368 καὶ
592 2302 740 2368 Πλάτωνα
764 2308 815 2368 καὶ
838 2304 1023 2389 Δημοσθένη
1046 2344 1089 2353 -

110 2476 115 2487 .
191 2425 279 2492 etin
302 2425 410 2491 libello
434 2424 476 2491 de
499 2425 719 2493 Demosthene
742 2445 816 2511 cap.
839 2426 896 2492 33:

188 2544 366 2631 Ἰσοκράτην
389 2547 440 2609 καὶ
463 2544 637 2611 Πλάτωνα.
655 2594 663 2610 .
681 2594 688 2609 .
706 2544 762 2609 κᾶν
786 2547 813 2609 εἰ
835 2553 894 2609 τῶν
918 2546 1020 2611 ἄλλων
1043 2548 1187 2632 ἀμείνους
1208 2548 1293 2628 εἰσίν,

129 2649 322 2734 Δημοσθένει
344 2649 372 2732 η’
385 2649 439 2714 οὐκ
463 2650 565 2719 ἀξίους
589 2649 675 2719 ὄντος
699 2650 887 2732 ἁμιλλᾶσθαι
910 2653 977 2735 περὶ
1000 2656 1058 2713 τῶν
1082 2652 1251 2736 ἀριστείων.

192 2769 317 2848 Quibus
345 2790 387 2837 ex
415 2770 494 2837 locis
517 2778 656 2856 apparet
677 2771 881 2857 Dionysium,
911 2770 972 2837 etsi
1001 2771 1236 2839 Demosthenes
1265 2773 1294 2838 ei

128 2873 222 2956 quasi
244 2874 376 2940 instar
405 2875 578 2940 oratoris
607 2873 841 2959 videturesse,
870 2882 979 2941 tamen
1008 2876 1107 2941 alium
1134 2885 1294 2942 oratorem

129 2975 260 3059 dignum
295 2977 471 3062 iudicasse,
511 2978 566 3061 qui
598 2998 668 3044 cum
703 2977 923 3045 Demosthene
956 2978 1142 3044 conferatur
1174 2987 1207 3045 et
1240 2981 1293 3065 qui

129 3080 291 3148 secundas
312 3088 386 3167 post
408 3082 498 3147 illum
520 3088 601 3165 agat
622 3088 748 3166 partes:
772 3083 999 3148 Isocratem.

192 3200 298 3267 Valde
320 3203 418 3285 igitur
433 3201 613 3268 mirandum
630 3210 680 3268 est
702 3203 861 3267 nemiuem
885 3201 994 3269 adhuc
1015 3203 1048 3267 in
1071 3204 1293 3286 quaestionem

130 3325 276 3389 vocasse,
298 3307 465 3391 possintne
481 3307 579 3372 etiam
595 3306 749 3372 Isocratis
772 3306 912 3389 vestigia
933 3306 966 3371 in
987 3306 1187 3375 orationibus
1203 3309 1293 3374 Anti·

128 3410 286 3493 quitatum
309 3410 527 3475 Romanarnm
555 3404 700 3476 inveniri.
752 3408 955 3494 Quamquam
988 3410 1072 3475 enim
1100 3431 1211 3477 omnes
1234 3412 1293 3477 viri

128 3511 225 3596 docti,
259 3512 313 3595 qui
355 3512 396 3578 de
429 3513 577 3599 Dionysii
616 3513 796 3579 elocutione
829 3515 1042 3600 scripserunt,
1083 3534 1155 3580 eum
1194 3515 1292 3580 etiam

128 3616 303 3683 Isocratem
319 3624 478 3683 sectatum
495 3637 568 3684 esse
584 3639 641 3704 pro
657 3626 744 3684 certo
767 3617 889 3685 babere
905 3637 941 3683 se
964 3617 1159 3701 dicebantb,
1184 3624 1292 3685 tamen

199 3823 220 3889 ¹)
239 3821 287 3874 Die
300 3821 417 3874 Theoric
436 3820 483 3873 der
502 3820 824 3892 Gesohichtsscbreibung
842 3821 889 3875 des
908 3821 987 3875 Dion.
1006 3840 1029 3875 ν.
1044 3821 1131 3876 Harii.
1164 3822 1293 3875 Wniden-

128 3909 311 4063 burghllsiirffir
329 3993 556 4065 Nnchuhmungon
576 3995 624 4048 des
642 3994 846 4061 Demosthenes,
866 3995 1041 4067 Thukydides
1065 3996 1119 4051 und
1139 3996 1292 4068 Xenophon

127 4082 152 4134 in
165 4081 216 4135 den
231 4081 322 4134 Reden
335 4081 383 4134 der
396 4082 556 4135 Rdruischen
570 4081 751 4151 Archiologie
765 4083 812 4136 des
827 4083 905 4139 Dion.
919 4103 942 4137 r.
956 4084 1044 4137 Haris.
1070 4084 1202 4137 munchen
1218 4089 1292 4142 1890.

194 4168 489 4237 ἣΑοίιιιιιάνοτοὶοιιοο
509 4168 533 4221 in
553 4169 630 4221 Dion.
651 4166 734 4221 Hclic.
774 4171 956 4241 Antiquitstes
975 4170 1118 4226 Romanas.
1156 4169 1290 4224 Monachii

127 4256 249 4325 1893194.

193 4345 216 4409 ⁴)
235 4343 310 4395 Liers
335 4342 362 4409 (l.
386 4364 409 4397 c.
433 4362 493 4415 pag.
515 4346 556 4411 18)
582 4345 628 4407 „ln
654 4342 704 4395 den
730 4343 820 4399 Redeu
843 4346 891 4399 des
917 4345 1054 4399 lsohrutes
1078 4346 1160 4400 tirrdet
1182 4363 1212 4399 er
1235 4345 1295 4401 sein

127 4428 198 4483 ideal
217 4428 420 4483 rerwirhlioht“.
