3034 4984
813 351 851 415 16

266 532 269 539 “
307 521 371 586 VII
386 521 429 586 29
443 521 593 591 τοιούτοις
617 520 699 585 οὖσι
722 523 773 585 καὶ
790 521 941 606 μηδεμίαν
958 521 1054 626 nihilne
1071 524 1248 609 ἀπστροφὴν
1265 524 1408 609 ἔχουσι.

307 642 370 707 VII
396 642 438 707 48
473 641 540 704 ἀλλ’
563 640 618 704 οὐκ
648 642 750 725 οἴομαι
780 643 841 705 δεῖν
869 647 924 724 τῆς
953 642 1031 711 ἰδίας
1065 644 1279 727 ἀσφαλείας
1314 644 1409 707 πλείω

238 745 396 808 ,ποιεῖσθαι
418 743 558 829 πρόνοιαν
582 745 601 828 ἢ
625 749 679 829 τῆς
701 751 805 829 κοινῆς
828 748 1031 828 ὠφελείας.

307 866 388 932 VIII
399 865 442 930 34
453 866 503 928 καὶ
516 866 564 928 διὰ
577 869 665 928 τοῦτο
680 867 787 948 otilone
804 866 830 927 τ’
843 866 1130 951 ἀπαρνούμεθα,
1147 869 1217 931 ὅταν
1231 870 1408 952 ἀδικήσωσι,

242 971 294 1033 καὶ
317 968 450 1054 ἐχθροὺς
475 969 588 1051 φίλους·
604 969 833 1052 ποιούμεθα,
857 969 927 1031 ὅταν
943 993 988 1040 τις
1004 971 1073 1054 ἡμῖν
1089 972 1160 1054 παρ’
1178 972 1277 1036 αὐτῶν
1294 972 1409 1054 ὑπάρξῃ

244 1074 342 1157 κάμε·

240 1226 243 1235 ,
309 1194 389 1259 VIII
411 1195 452 1259 53
481 1194 532 1258 καὶ
555 1198 642 1257 τοῦτο
671 1196 723 1258 καὶ
750 1198 807 1257 πᾶν
830 1194 908 1258 ἄλλο
932 1196 1070 1258 ταπεινὸν
1098 1201 1226 1280 σχῆμα
1253 1198 1303 1260 καὶ
1331 1198 1409 1257 λει-

243 1298 436 1381 τούργημα
459 1298 610 1379 ὑπομενῶ.

238 1468 241 1471 >
307 1418 374 1484 Sed
399 1419 466 1486 iam
491 1419 613 1503 figuras
641 1440 726 1504 qnae
753 1426 909 1486 vocantur
931 1420 1102 1485 verborum
1129 1420 1246 1486 missas
1274 1420 1409 1502 faoiam3

242 1543 318 1588 nam
345 1522 427 1589 satis
454 1522 530 1588 mihi
566 1522 806 1589 demonstrasse
833 1522 947 1589 videor
972 1523 1163 1607 Dionysium
1198 1543 1255 1589 eas
1283 1524 1327 1589 ad
1356 1544 1409 1590 ex-

243 1626 421 1692 ornandam
446 1627 623 1692 orationem
650 1647 716 1693 non
744 1627 927 1711 sprevisse,⁴
947 1625 1006 1692 sed
1033 1627 1067 1691 in
1093 1626 1132 1691 iis
1159 1626 1355 1694 adhibendis
1377 1629 1409 1692 in
1508 1708 1509 1723 ρ

244 1732 425 1797 universum
450 1729 493 1795 ad
517 1731 671 1797 Isocratis
694 1729 869 1796 diotionem
891 1749 963 1797 sese
985 1729 1180 1815 applicasse.
1220 1782 1222 1785 .

681 1932 730 2003 ΙΙ.
757 1935 816 2005 De
838 1935 975 2021 tropis·

307 2058 352 2125 Ut
372 2058 406 2123 in
428 2059 468 2123 iis
482 2056 603 2141 figuris,
627 2076 712 2140 quae
735 2061 860 2122 tantum
883 2055 1020 2122 formam
1037 2061 1196 2141 spectant,
1220 2056 1316 2122 facile
1339 2063 1412 2123 erat

243 2161 464 2229 demonstrare
492 2161 684 2245 Dionysium
714 2166 860 2226 secutum
887 2179 960 2226 esse
987 2159 1173 2244 Isocratem,
1199 2160 1329 2244 'quippe
1356 2163 1410 2245 qui
1508 2219 1509 2257 ρ

243 2267 276 2330 in
304 2264 343 2331 iis
374 2264 567 2331 adhibendis
600 2263 716 2330 ceteris
745 2264 927 2330 oratoribus
956 2262 1045 2328 haud
1074 2261 1172 2329 dubie
1201 2263 1410 2349 praestiterit,
1508 2266 1509 2271 ’

243 2371 289 2435 ita
320 2370 353 2433 in
387 2369 427 2435 iis
460 2368 587 2451 figuris,
625 2386 710 2451 quae
744 2387 873 2434 sensum
906 2366 1091 2451 respiciunt,
1126 2366 1147 2430 i.
1177 2386 1205 2432 e.
1235 2366 1267 2431 in
1298 2368 1410 2453 tropis,
1508 2372 1509 2397 ¹

243 2474 406 2554 Isocratis,
438 2474 492 2557 qui
521 2471 561 2537 iis
589 2473 694 2539 rarius
724 2472 823 2538 utitur
833 2475 865 2555 1),
897 2470 1086 2554 Dionysium
1114 2490 1286 2536 memorem
1309 2471 1411 2538 fuisse

244 2579 340 2644 certis
364 2577 585 2644 demonstrare
602 2576 759 2660 exemplis
775 2574 946 2641 nonnullas
962 2572 1061 2639 habet
1077 2572 1294 2640 difficultates.
1326 2574 1411 2642 Nam

243 2702 315 2747 oum
337 2682 369 2745 in
392 2680 453 2747 hoo
476 2700 595 2764 genere
617 2678 829 2746 Demostheni
856 2677 967 2763 prooul
990 2676 1088 2742 dubio
1116 2677 1240 2762 primae
1269 2678 1333 2743 sint
1357 2678 1412 2744 de·

242 2784 397 2853 ferendae
418 2790 539 2870 parter,
567 2785 610 2851 ab
633 2804 671 2849 eo
694 2783 833 2867 plurima
856 2780 1020 2846 delibasse
1044 2780 1233 2865 Dionysium
1257 2781 1368 2847 statim
1391 2802 1412 2846 a

242 2889 345 2974 primo
368 2887 519 2955 oontendi
541 2893 658 2972 potest.
703 2888 819 2970 Itaque
840 2905 881 2950 ea
903 2891 1028 2949 tantum
1050 2883 1246 2969 proferenda
1261 2883 1412 2951 videntur

243 2993 403 3078 exempla,
435 3011 519 3076 quae
547 2990 636 3077 apud
660 2989 911 3056 Demosthenem
940 2988 991 3053 vel
1020 2988 1148 3053 omnino
1176 3008 1239 3052 non
1262 2987 1413 3071 leguntur

242 3098 295 3164 vel
329 3100 465 3164 obscuro
505 3095 646 3180 quodam
679 3095 758 3183 loeo⁸
783 3094 836 3159 vel
873 3093 907 3157 in
941 3091 1140 3157 orationibus
1179 3091 1297 3174 spuriis
1330 3112 1412 3176 quas

244 3201 434 3286 Dionysium
464 3200 626 3287 sprevisse
654 3198 824 3285 probabile
853 3195 947 3281 est²)‚
976 3194 1066 3278 apud
1094 3195 1271 3260 Isocratem
1299 3201 1413 3262 eontra

239 3305 276 3370 in
304 3305 423 3371 celebri
451 3303 593 3388 quadam
624 3303 779 3386 oratione,
809 3321 850 3367 ex
879 3319 944 3384 qna
967 3297 1160 3382 Dionysium
1188 3317 1229 3363 ea
1258 3299 1290 3363 in
1320 3319 1413 3366 usum

243 3429 336 3476 suum
358 3428 493 3475 vorasse
516 3408 688 3474 verisimile
712 3407 764 3473 sit.
1153 3424 1158 3431 ⁴
1316 3428 1318 3431 ’

308 3530 373 3596 Sed
401 3531 466 3596 iam
494 3529 622 3613 singula
644 3525 815 3594 videamus
843 3532 1039 3606 etagamus
1066 3521 1168 3605 primo
1197 3522 1267 3588 loeo
1290 3521 1333 3588 de
1355 3523 1412 3589 illa

242 3634 357 3718 figura,
380 3654 464 3718 quae
487 3653 508 3699 a
531 3632 666 3698 Graecis
688 3636 824 3698 vocatur
848 3628 1020 3711 μεταφοραί,
1042 3646 1065 3690 ιι
1087 3625 1213 3691 Latinis

677 3830 707 3876 a.
738 3806 981 3877 Translatio.

308 3934 399 4012 Quae
412 3939 567 4018 quantum
574 3931 684 3998 valeat
695 3929 740 3995 ad
747 3926 1010 4014 amplificandam
1023 3924 1194 3991 dictionem
1201 3924 1412 4010 Ciceroprae-

244 4038 341 4122 dieat,
366 4059 437 4105 eum
460 4036 569 4104 verbis
591 4034 759 4101 translatis
782 4032 875 4117 quasi
898 4030 1001 4097 stellis
1017 4026 1211 4113 quibusdam
1235 4028 1413 4095 orationem

243 4145 397 4211 illustrari
420 4143 508 4211 dioit.

312 4317 333 4385 1)
352 4314 386 4370 cf.
405 4315 518 4386 Dionys.
538 4315 570 4368 de
588 4312 726 4367 Demosth.
746 4329 805 4382 rap.
824 4310 870 4366 20:
890 4301 1054 4374 Ἰσοκράτης
1073 4298 1190 4373 ἄτολμός
1208 4301 1264 4356 ἐστι
1281 4301 1350 4369 περὶ
1365 4299 1414 4364 τὰς

243 4398 377 4472 τροπικὰς
394 4398 572 4465 κατασκευάς.

312 4492 334 4560 ¹)
353 4491 392 4543 De
406 4488 595 4544 Demosthenis
609 4488 776 4543 orationibus
796 4484 895 4557 spuriis
913 4482 947 4535 of.
961 4481 1073 4550 Dionys.
1093 4478 1125 4531 de
1138 4478 1276 4530 Demosth.
1297 4494 1355 4548 cap.
1368 4481 1414 4535 57.
