3034 4984
674 411 716 476 35

100 589 231 649 πολλῶν
252 585 351 650 πόνων
375 587 425 650 καλ
455 584 635 649 κινδύνων
664 585 842 668 ἐκτήσαντο,
865 584 975 668 ταύτην
999 585 1087 667 ἡμεῖς
1111 634 1119 651 .
1143 634 1149 649 .
1174 634 1181 650 .
1205 586 1279 647 ἀπο·

101 688 271 774 βάλοιμενς

175 809 292 877 Brutus
315 809 436 896 pergit:
461 809 540 872 ἀλλά
564 811 666 872 δυεῖν
688 807 850 893 θάτερον
874 808 982 872 όίπασιν
1006 808 1155 894 αἱρετέον,
1177 810 1196 895 ἢ
1218 810 1281 894 βίον

102 910 276 995 ἐλεύθερον
299 914 319 996 ἢ
343 912 509 976 θάνατον
532 910 700 994 ἔνδοξον;

177 1031 314 1098 eandem
351 1032 544 1099 sententiam
582 1031 704 1117 profert
740 1031 958 1098 Archidamus
990 1033 1047 1098 89:
1086 1033 1186 1094 δυοῖν
1225 1033 1284 1095 δεῖ

102 1136 286 1220 θάτερον,
316 1139 336 1221 ἢ
359 1136 527 1221 πρωτεύειν
551 1135 581 1198 ἐν
605 1141 667 1205 τοῖς
684 1133 834 1218 Ἓλλησιν
857 1136 876 1219 ἢ
899 1137 1086 1199 παντάπασιν
1110 1135 1282 1218 ἀνῃρῆσθαι

104 1240 207 1321 μηδὲν
228 1241 367 1303 ταπεινόν
391 1237 652 1324 διαπραξαμένους
677 1238 757 1300 ἀλλά
783 1239 903 1321 καλὴν
926 1238 989 1322 την
1012 1240 1193 1321 τελευτὴν
1217 1241 1280 1300 τοῦ

105 1341 193 1425 βίου
215 1343 509 1426 ποιησαμένους.

176 1462 269 1541 Quod
294 1463 374 1530 dicit
395 1463 514 1530 Brutus
536 1464 569 1529 in
592 1462 655 1529 fine
679 1462 824 1530 eiusdem
847 1463 979 1549 capitis:

176 1584 329 1670 αἰσχρόν
352 1607 384 1648 τε
401 1581 606 1649 Οὐολούσκων
622 1586 672 1647 καὶ
688 1583 824 1670 Σαβίνων
840 1586 891 1649 καὶ
907 1587 1019 1670 μυρίων
1036 1584 1137 1648 ἀλλων
1153 1585 1281 1671 ἄρχειν

109 1688 258 1763 ἀξιοῦν,
282 1686 393 1757 αύτούς
418 1688 453 1750 δὲ
477 1688 733 1756 δουλεύοντας
758 1688 876 1772 ἑτέροις
902 1688 1072 1772 ὑπομένειν,
1126 1764 1136 1777 ⁶

175 1807 260 1874 idem
285 1808 402 1890 legitur
424 1806 514 1892 apud
537 1809 637 1874 Isocr.
661 1807 718 1874 94:
743 1809 903 1894 αἰσχρόν
926 1808 983 1891 ηόιρ
999 1807 1069 1878 τοὺς
1092 1790 1200 1890 ct‘p‘tm
1223 1814 1282 1870 τῶν

104 1908 264 1995 Ἑλλήνων
280 1910 511 1980 ἀξιωθέντας
530 1911 663 1995 ὀφθῆναι
678 1911 716 1974 τδ
732 1913 1056 1995 προσταττόμενον
1072 1914 1281 1979 ποιοῦντας.

176 2032 326 2116 Denique
350 2031 468 2098 Brutus
491 2031 582 2116 apud
604 2031 699 2097 Dion.
718 2032 762 2098 IV
786 2035 827 2099 83
844 2031 996 2115 ostendit,
1019 2030 1136 2116 quibus
1158 2030 1284 2116 possint

111 2136 158 2201 nti
190 2135 409 2202 adiutoribus:
444 2135 583 2220 primum
617 2135 697 2220 deis,
733 2135 853 2202 deindo
885 2155 946 2203 sua
978 2135 1120 2220 ipsorum
1153 2133 1282 2219 virtute,

111 2238 251 2323 denique
274 2238 434 2305 sociorum
457 2239 601 2308 auxiliis:

175 2361 248 2422 τίσιν
278 2357 331 2422 οὖν
360 2359 513 2444 ἀφορμαῖς
550 2363 594 2431 εἰς
628 2362 663 2425 τά
692 2362 853 2445 πράγματα
882 2360 1066 2444 χρησόμεθα
1099 2361 1150 2423 καὶ
1182 2361 1282 2432 ποίαις

113 2465 362 2548 συμμαχίαις;
379 2515 386 2530 .
403 2510 411 2527 .
428 2511 436 2526 .
452 2465 585 2547 πρώταις
610 2466 665 2546 μὲν
689 2467 754 2534 ταῖς
775 2464 857 2547 παρὰ
881 2470 951 2526 τῶν
974 2464 1068 2526 θεῶν
1084 2463 1198 2526 ἐλπίσιν
1215 2513 1222 2528 .
1239 2514 1247 2529 .
1264 2511 1283 2549 .‚

113 2565 218 2630 ἔπειτα
241 2570 306 2635 ταῖς
330 2565 366 2634 ἐξ
390 2569 492 2650 ἡμῶν
516 2566 636 2630 αὐτῶν
666 2566 737 2630 οὔτε
762 2566 870 2649 όλίηων
894 2566 987 2630 όντων
1011 2565 1097 2629 οὔτε
1121 2566 1283 2651 ἀπείρων

112 2670 296 2753 πολέμου·
321 2671 394 2754 πρός
411 2671 445 2732 δὲ
463 2670 582 2740 τούτοις
598 2676 678 2739 ταῖς
699 2670 799 2752 παρὰ
822 2676 892 2733 τῶν
916 2671 1119 2755 συμμάχων
1137 2670 1284 2733 ἐπικου-

113 2775 219 2857 ρίαις.

177 2894 303 2962 Εαόειιι
326 2900 494 2960 enumerat
515 2894 731 2962 Archidamus
754 2894 900 2961 59-63:

177 3018 238 3099 ἐγὼ
261 3017 296 3079 δὲ
321 3015 465 3099 μεγίστην
489 3017 543 3097 μὲν
567 3017 699 3100 ηηοδμαι
724 3015 939 3099 συμμαχίαν
967 3012 1042 3076 εἶναι
1066 3015 1098 3076 τό
1122 3014 1158 3078 τά
1183 3017 1284 3080 δίκαια

111 3122 262 3204 πράττειν,
297 3118 376 3186 εἰκός
412 3117 468 3201 γὰρ
498 3118 550 3180 καὶ
578 3120 631 3201 τὴν
660 3126 731 3182 τῶν
760 3117 858 3181 θεῶν
888 3115 1007 3180 εὔνοιαν
1035 3118 1177 3198 γενέσθαι
1206 3120 1283 3204 μετὰ

109 3224 241 3285 τούτων·
266 3222 340 3304 πρδς
364 3221 399 3283 δὲ
422 3221 518 3304 ταύτη
543 3222 576 3283 τό
599 3224 703 3292 καλῶς
727 3220 945 3284 πολιτεύεσθαι
967 3220 1018 3282 καὶ
1042 3220 1206 3303 σωφρόνως
1231 3224 1284 3305 ζῇν

111 3327 162 3388 καὶ
186 3325 278 3409 μέχρι
301 3325 434 3386 θανάτου
464 3324 657 3408 μάχεσθαι
686 3329 749 3393 τοῖς
778 3322 935 3405 πολεμίοις
965 3320 1095 3398 ἐθέλειν,
1126 3322 1145 3386 ἃ
1169 3327 1284 3408 μᾶλλον

111 3429 199 3511 ἡμῖν
222 3428 241 3511 ἢ
265 3431 328 3496 τοῖς
353 3425 458 3495 ἀλλοις
483 3427 654 3511 ἀνθρώποις
671 3430 803 3513 ὑπάρχει
822 3464 871 3488 -.
910 3424 952 3490 62
976 3425 1003 3486 εἰ
1025 3426 1059 3490 δὲ
1082 3428 1131 3490 δεῖ
1151 3429 1285 3512 καὶπερὶ

112 3536 183 3594 τῶν
211 3528 351 3603 ἔξωθεν
381 3529 571 3612 βοηθειῶν
600 3531 703 3614 εἰπεῖν,
731 3532 865 3613 ἡγοῦμαι
892 3527 1027 3598 πολλοὺς
1057 3529 1185 3595 ἔσεσθαι
1213 3531 1284 3601 τούς

113 3633 321 3720 βουλομένους
345 3632 507 3715 ἐπαμύνειν
530 3635 609 3718 ἡμῖν.

178 3839 248 3904 Ιιιιιι
276 3837 320 3903 ad
348 3836 444 3904 finem
471 3839 750 3906 commentationis
772 3838 988 3924 pervenimus,
1016 3847 1048 3905 et
1077 3839 1104 3905 si
1133 3860 1285 3924 eaquae

113 3941 294 4007 invenimus
311 3943 451 4009 breviter
473 3943 724 4028 complectimur,
748 3939 991 4009 concedentium
1015 3962 1088 4011 esse
1111 3952 1199 4028 puto,
1223 3964 1285 4010 non

113 4065 235 4131 paucos
257 4044 347 4129 apud
371 4044 562 4130 Dionysium
586 4054 717 4113 exstare
740 4046 838 4128 iocos,
862 4044 979 4128 quibus
995 4050 1145 4131 cognosci
1161 4047 1286 4133 possint

116 4148 267 4215 isocratis
291 4149 440 4233 vestigia,
465 4150 511 4215 ita
526 4150 667 4235 quidem,
693 4155 727 4214 ut
750 4149 943 4235 Dionysium
965 4171 1027 4217 non
1043 4151 1139 4218 modo
1154 4152 1285 4235 figuras,

115 4251 302 4336 sententias,
327 4251 515 4336 locutiones,
539 4255 640 4320 verba
664 4253 750 4321 illius
773 4254 805 4318 in
829 4272 922 4319 usum
952 4273 1045 4322 suum
1071 4254 1285 4339 transtulisse,

116 4353 174 4420 sed
190 4354 288 4420 etiam
303 4355 469 4421 orationes
485 4356 575 4441 ipsas
591 4358 635 4423 ad
650 4356 736 4423 illius
750 4356 934 4441 exemplum
947 4355 1104 4425 formasse
1115 4367 1285 4444 appareat.

597 4602 608 4609 .
614 4602 696 4611 .-·--·--

1048 4630 1083 4686 3*
