3034 4984
775 424 818 488 34

217 637 221 647 »
275 598 372 664 Isocr.
390 596 470 662 VI2
494 598 566 678 ἐγὼ
590 596 617 659 δ’
634 597 661 658 εἰ
684 595 739 680 μέν
755 620 799 666 τις
816 600 875 658 τῶν
893 593 1074 678 εἰθισμένων
1090 595 1121 657 ἐν
1138 595 1205 678 ὑμῖν
1222 594 1381 677 ἀγορεύειν

212 700 302 771 όόίως
326 700 361 784 ἦν
383 707 436 783 τῆς
460 700 579 771 πόλεως
603 701 746 784 εἰρηκὼς,
770 701 887 781 πολλὴν
911 696 946 759 ἂν
970 699 1100 783 ἡσυχίαν
1124 696 1197 781 ήηυν
1220 735 1262 744 -
1285 701 1319 762 et

276 822 296 888 8
324 823 384 904 ἐγὼ
415 824 470 906 μὲν
499 819 562 901 οὖν,
594 822 625 884 εἰ
654 823 710 883 δεῖ
736 820 875 903 τοόμδν
902 818 998 881 ἴδιον
1028 819 1158 893 εἰπεῖν,
1189 819 1318 902 ἑλοίμην
1347 815 1381 879 ἂν

212 924 387 988 ἀποθανεῖν.
1027 966 1030 971 ·

276 1044 410 1110 Transit
443 1044 562 1111 deinde
595 1044 714 1111 Brutus
752 1043 796 1110 ad
831 1043 1009 1111 orationem
1046 1043 1161 1128 ipsam,
1197 1064 1271 1110 eum
1304 1042 1383 1108 dicit

212 1148 307 1215 Dion.
332 1148 378 1214 IV
401 1148 459 1214 78:

277 1270 381 1354 ἐπειδὴ
405 1269 432 1333 δ’
448 1270 465 1333 ό
484 1293 517 1333 τε
540 1271 656 1354 καιρδς,
680 1270 712 1332 δν
736 1269 773 1332 τὰ
796 1272 959 1355 πράγματα
983 1293 1034 1351 μοι
1058 1270 1173 1343 δίδωσι,
1198 1267 1327 1352 βραχὺς,
1351 1267 1382 1330 ἐν

211 1370 239 1457 qi
263 1374 387 1455 λέγειν
411 1375 466 1457 μὲν
494 1374 581 1455 όλίγα
610 1376 667 1451 δεῖ,
698 1376 871 1457 πράττειν
899 1374 933 1435 δὲ
957 1373 1067 1446 πολλοί,
1192 1368 1281 1434 ταῦθ’
1305 1372 1381 1454 ὑμᾶς

213 1478 386 1559 ὑπομνήσω.

276 1598 358 1662 Item
386 1596 604 1663 Archidamus
635 1599 689 1662 15:
726 1596 798 1660 οὐδὲ
825 1599 948 1659 πώποτε
978 1597 1012 1659 δὲ
1047 1595 1181 1678 λόγους
1209 1597 1383 1679 ἀγαπήσας,

212 1699 280 1764 ἀλλ’
303 1701 352 1763 ἀεὶ
380 1702 509 1782 νομίζων
539 1700 609 1770 τοὺς
638 1702 706 1784 περὶ
736 1705 827 1763 τοῦτο
856 1701 1063 1785 διατρίβοντας
1092 1698 1277 1782 ἀγροτέρυυς
1308 1696 1383 1760 εἶναι

211 1804 286 1888 πρὸς
309 1804 362 1873 τὰς
386 1803 554 1888 πράξεις,
578 1807 627 1865 νῦν
650 1804 739 1868 οὐδὲν
755 1803 791 1866 ἂν
807 1805 875 1887 περὶ
891 1803 1030 1872 πλείονος
1047 1801 1234 1885 ποιησαίμην
1257 1825 1276 1885 η
1294 1803 1382 1885 δυνη-

213 1907 303 1989 θῆναι
327 1908 395 1989 περὶ
419 1911 478 1970 τῶν
501 1906 708 1990 προκειμένων
733 1907 774 1976 ὥς
800 1906 950 1993 βούλομαι
974 1907 1114 1973 διελθεῖν.

276 2027 429 2111 Sequitur
451 2027 611 2093 narratio:

276 2148 370 2215 Dion.
396 2148 437 2213 79
461 2147 548 2216 οὗτός
572 2149 661 2221 ἐστιν,
684 2147 793 2233 ἄνδρες
815 2152 946 2224 πολῖται,
970 2150 986 2212 ό
1010 2145 1177 2231 Ταρκύνιος
1201 2197 1269 2232 ...,

277 2270 374 2335 lsoer.
401 2269 440 2333 17
463 2269 567 2352 ἐπειδὴ
592 2268 648 2352 γὰρ
667 2265 828 2353 Ἡρακλῆς
853 2268 1023 2353 μετήλλαξε
1047 2270 1096 2331 τδν
1120 2269 1183 2354 βίον

279 2391 362 2455 Tum
386 2388 427 2454 de
443 2409 481 2455 eo
497 2399 687 2472 argumento
708 2391 886 2474 disseritur,
903 2389 988 2473 quod
1005 2396 1138 2456 voeatur
1160 2393 1199 2454 τὸ
1223 2391 1384 2476 δίκαιον;

212 2500 248 2559 ut
277 2494 397 2559 Brutus
424 2492 513 2578 apud
541 2493 636 2559 Dion.
659 2495 704 2559 IV
733 2495 776 2561 80
802 2496 936 2579 exponit
958 2494 1170 2577 Tarquinium
1198 2495 1285 2561 nullo
1314 2496 1383 2562 iure

213 2617 348 2681 regnum
371 2603 495 2663 tenere:

276 2717 381 2781 αὐτίκα
404 2720 459 2802 τὴν
481 2718 645 2802 ἡγεμονίαν
669 2769 676 2784 .
702 2768 739 2784 ..
763 2726 827 2790 πῶς
850 2720 1039 2806 παρέλαβεν;
1068 2718 1127 2803 ἆρα
1155 2719 1181 2802 γ’
1198 2723 1240 2790 ίυς
1270 2722 1299 2782 οἱ
1326 2723 1383 2804 πρὸ

212 2821 306 2885 αὐτοῦ
330 2820 485 2904 γενόμενοι
508 2824 662 2907 βασιλεῖς;
684 2821 794 2907 πόθεν;
818 2827 933 2886 πολλοῦ
957 2847 992 2905 ηε
1017 2825 1067 2887 καὶ
1091 2826 1139 2887 δεῖ
1159 2862 1201 2872 -

277 2948 310 3008 et
332 2943 460 3026 singula
483 2951 650 3010 enumerat
672 2951 877 3027 argumenta:

276 3070 395 3147 πρῶτον
418 3102 460 3113 -
483 3063 588 3128 ἔπειτα
611 3103 652 3112 -
677 3065 754 3148 μετὰ
778 3069 884 3143 ταῦτα,

276 3185 323 3249 ita
353 3184 569 3252 Archidamus
604 3186 732 3252 29-33
766 3188 835 3253 iure
867 3208 906 3253 ac
934 3187 1077 3270 legitime
1105 3187 1383 3257 Lacedaemonios

212 3289 408 3354 Messeniam
430 3288 599 3373 possidere
622 3289 836 3357 demonstrat:

277 3409 318 3474 29
342 3407 386 3471 ἔτι
408 3410 504 3472 τοίνυν
528 3411 561 3473 ἐκ
585 3416 644 3473 τῶν
669 3413 827 3497 ἐχομένων
851 3413 1007 3493 γνώσεσθε
1032 3413 1233 3498 σαφέστερον,
1258 3413 1302 3476 ότι

213 3512 280 3576 τότε
305 3510 468 3597 Μεσσήνην
493 3512 618 3599 εῖχυμεν
642 3515 765 3585 δικαίως
789 3554 830 3564 -

277 3639 310 3700 et
332 3633 468 3717 singulis
490 3635 688 3717 argumentis
711 3636 892 3703 confirmat:

276 3755 318 3822 32
341 3762 526 3839 πρῶτον-
548 3754 654 3820 ἔπειτα
679 3794 718 3806 -—
741 3756 787 3820 ἔτι
812 3797 850 3804 -
874 3760 946 3842 πρὸς
972 3760 1005 3822 δὲ
1029 3760 1158 3830 τούτοις.

277 3874 375 3962 Apud
408 3877 502 3943 Dion.
531 3879 578 3944 IV
606 3879 647 3946 82
674 3880 794 3945 Brutus
829 3879 916 3946 cives
953 3879 1153 3966 adhortatur,
1185 3902 1226 3948 ne
1254 3890 1382 3968 patrum

213 3979 460 4046 obliviseantur:

278 4099 332 4162 οὐκ
356 4097 436 4162 ἔστιν
458 4102 541 4183 ἡμῖν,
567 4102 592 4163 ὦ
616 4102 754 4187 δημόται,
780 4105 885 4191 βιωτόν
909 4106 940 4167 ἐν
962 4106 1112 4175 τοιούτοις
1136 4108 1381 4190 κυλινδουμένοις

213 4209 329 4280 κακοῖς,
353 4202 475 4266 ἐκείνων
492 4210 551 4267 τῶν
568 4207 683 4290 ἀνδρῶν
700 4204 783 4269 οόσιν
807 4207 1024 4290 ἀπογόνοις,
1049 4210 1077 4272 οἳ
1094 4209 1130 4272 τὰ
1147 4211 1249 4274 δίκαια
1265 4214 1381 4275 τάττειν

213 4307 314 4393 ήίίουν
337 4310 400 4376 τοῖς
425 4306 530 4378 ἄλλοις
553 4310 605 4371 καὶ
628 4308 761 4379 πολλοὺς
786 4312 861 4394 ὑπὲρ
886 4311 983 4394 ἀρχῆς
1007 4309 1119 4395 ἤραντο
1144 4313 1349 4382 κινδύνους.

278 4427 366 4494 Idem
390 4427 469 4496 facit
490 4427 707 4498 Archidamus
729 4431 786 4497 57:
816 4430 860 4500 τίς
890 4430 916 4493 δ’
933 4430 988 4494 οὐκ
1013 4428 1048 4492 ἂν
1078 4433 1280 4515 ἐπιτιμήσειεν
1304 4435 1381 4517 ἡμῖν,

215 4533 242 4596 εἰ
364 4535 444 4616 μηδὲ
473 4539 532 4597 τῶν
566 4534 755 4618 προγόνων
786 4536 982 4620 μνησθεῖμεν,
1012 4535 1080 4597 ἀλλ’
1100 4536 1136 4619 ἣν
1166 4538 1277 4600 ἐκεῖνοι
1305 4539 1382 4621 μετὰ
