3034 4984
305 527 403 613 Apud
436 529 530 595 Dion.
565 529 615 593 ΙΙΙ
652 529 690 594 lo
722 528 885 595 Fufettius
918 527 1118 594 Albanorum
1151 549 1224 597 esse
1260 537 1407 615 oportere

239 631 455 717 principatum
477 632 524 698 ita
547 632 756 716 demonstrat,
781 640 817 698 ut
839 630 928 698 dieat
949 632 1094 699 Albanos
1116 633 1254 718 primum
1278 634 1407 716 quidem

240 753 312 800 esse
336 736 490 820 populum
512 736 667 801 maiorem
689 742 723 802 et
744 734 972 819 antiquiorem:

303 858 392 939 ήμεῖς
424 858 475 920 καὶ
509 862 563 940 τῆς
598 858 652 941 μὲν
688 856 786 939 ἄλλης
814 854 921 941 ἄρχειν
957 855 1037 925 ἀξιοῖ
1068 858 1160 941 ἐσμεν
1189 856 1329 934 Ἰταλίας,
1364 860 1408 922 ότι

240 957 328 1029 ἔθνος
346 956 526 1044 Ἑλληνικὸν
549 963 600 1024 καὶ
630 961 807 1044 μέγιστον
835 966 893 1022 τῶν
917 959 1139 1024 κατοικούντων
1163 963 1252 1045 τήνδε
1277 964 1330 1046 τὴν
1353 969 1408 1046 γῆν

240 1063 335 1126 ἐθνῶν
358 1063 571 1147 παρεχόμεθα,
595 1067 648 1126 τοῦ
672 1065 706 1127 δέ
722 1063 856 1126 Λατίνων
872 1063 980 1132 ἔθνους
997 1112 1004 1127 .
1022 1109 1030 1124 .
1047 1110 1055 1125 .
1073 1064 1215 1146 ήγεῖσθαι
1232 1067 1408 1148 δικαιοῦμεν

240 1212 248 1227 .
272 1212 279 1227 .
303 1213 310 1228 .
334 1165 412 1229 κατὰ
435 1166 485 1229 τόν
508 1168 607 1231 κοινὸν
631 1167 798 1251 ἀνθρώπων
822 1165 912 1250 νόμον
935 1213 943 1228 .
967 1212 975 1228 .
998 1213 1005 1228 .
1026 1187 1038 1240 ’,
1067 1172 1124 1230 τῶν
1148 1167 1278 1249 ἐκγόνων
1303 1169 1408 1252 ἄρχειν

240 1269 324 1339 τοὺς
348 1269 553 1352 προγόνους
576 1307 630 1349 -,

305 1390 424 1457 deinde
451 1396 581 1473 gentem
614 1390 811 1475 indigenam,
845 1390 1024 1476 peregrinis
1056 1411 1120 1457 non
1148 1392 1298 1458 vitiatam
1327 1392 1410 1467 sieut

239 1496 415 1561 Romanos:

304 1607 389 1690 ὑμεῖς
414 1606 448 1668 δέ
471 1605 523 1688 τήν
548 1606 701 1692 ἀκρίβειαν
725 1609 779 1668 τοῦ
795 1606 865 1689 παρ’
882 1607 1003 1675 ἑαυτοῖς
1019 1606 1243 1691 πολιτεύματος
1262 1607 1409 1691 διεφθάρ·

239 1732 313 1773 κατε
336 1755 344 1772 .
367 1756 374 1771 .
396 1755 403 1771 .
426 1756 434 1785 ,
461 1709 541 1770 ὥστε
570 1709 670 1790 ὀλίγον
697 1709 729 1770 τὸ
758 1710 907 1790 γνήσιον
936 1709 1019 1791 ὑμῶν
1043 1709 1122 1771 ἐστιν
1147 1710 1218 1773 ὅσον
1242 1710 1295 1793 ἀφ’
1321 1711 1409 1793 ήμῶν

240 1812 371 1899 ὡρμήθη
401 1834 458 1858 -·
494 1812 521 1873 εἰ
555 1813 581 1873 δ’
595 1813 684 1895 ἡμεῖς
719 1813 1001 1896 παραχωρήσαιμεν
1031 1813 1099 1894 ὑμῖν
1137 1818 1190 1897 τῆς
1226 1814 1342 1897 ἀρχῆς,
1377 1814 1409 1875 τὸ

239 1914 327 1978 νόθον
352 1914 434 1999 ἄρξει
457 1919 509 2017 μοι]
534 1917 688 1998 γνησίου
713 1916 763 1976 καὶ
787 1915 819 1977 τὸ
844 1917 995 1999 βάρβαρον
1019 1920 1071 1978 τοῦ
1091 1912 1276 2000 Ἑλληνικοῦ
1302 1918 1353 1979 καὶ
1377 1918 1409 1980 τὸ
1507 1948 1508 1953 ’

240 2019 419 2081 ἐπείσακτον
442 2022 495 2079 τοῦ
520 2017 753 2100 αὐθιγενοῦς.

304 2138 428 2203 Eadem
452 2146 643 2221 argumenta
672 2137 786 2203 eodem
814 2139 909 2206 modo
939 2139 1098 2225 disposita
1125 2142 1288 2208 Isocrates
1314 2142 1410 2208 affert

239 2241 285 2306 IV
308 2241 445 2326 23-24‚
469 2262 541 2307 oum
566 2240 644 2306 dioit
667 2242 708 2308 de
732 2242 1001 2310 Atheniensibus:

305 2366 498 2445 ὁμολογεῖται
522 2363 576 2445 μὲν
599 2363 655 2447 γάρ
679 2364 730 2448 τήν
753 2364 838 2427 πόλιν
861 2367 948 2448 ήμῶν
973 2368 1227 2449 ἀρχαιοτάτην
1256 2365 1333 2452 εἶναι
1360 2367 1410 2428 καὶ

241 2468 419 2551 μεγίστην
443 2490 498 2513 -·
524 2465 587 2529 οὐδ’
609 2467 643 2530 ἐκ
670 2470 792 2530 πολλῶν
821 2467 917 2531 ἐθνῶν
946 2470 1069 2551 μιγάδες
1100 2467 1310 2550 συλλεγέντες,
1341 2469 1409 2531 ἀλλ’

241 2570 321 2634 οὕτω
344 2573 448 2638 καλῶς
476 2571 526 2633 καὶ
554 2570 714 2652 γνησίως
744 2569 921 2653 γεγόναμεν,
951 2572 1031 2634 ὥστε
1056 2618 1063 2633 .
1086 2617 1093 2631 .
1116 2617 1123 2631 .
1147 2572 1258 2653 ταύτην
1282 2570 1408 2656 ἔχοντες

245 2672 361 2735 ἅπαντα
384 2672 433 2734 τὸν
457 2672 564 2756 χρόνον
588 2674 798 2757 διατελοῦμεν,
824 2674 1049 2758 αὐτόχθονες
1073 2673 1168 2743 ὄντες.

303 2794 505 2860 Sententiam
528 2793 670 2879 Fatetur,
694 2814 792 2878 quam
813 2795 928 2862 Tullus
948 2794 1038 2881 apud
1059 2795 1153 2865 Dion.
1170 2796 1221 2861 ΙΙΙ
1239 2796 1274 2860 ll
1298 2796 1410 2862 affert:

305 2916 360 2977 οὐκ
383 2915 486 2999 ήΕίους
510 2914 637 3000 ἄρχειν
661 2921 720 2979 τῶν
743 2918 873 3000 γνησίων
895 2916 965 2986 τοὺς
989 2915 1098 2986 νόθους
1123 2916 1194 2979 οὐδὲ
1222 2921 1280 2979 τῶν
1301 2917 1409 2981 αὖθι·
1507 2986 1508 2989 ¹

239 3023 352 3099 γενῶν
376 3017 463 3087 τοὺς
487 3017 722 3104 ἐπήλυδαςῙ),

303 3138 440 3221 legimus
463 3139 561 3205 etiam
584 3139 616 3204 in
639 3139 841 3223 Panegyrico
864 3141 920 3205 63:

204 3270 207 3276 ·
305 3250 341 3314 οὐ
375 3252 472 3335 δήπου
507 3249 629 3334 πάτριόν
663 3251 743 3315 ἐστιν
777 3253 955 3334 ἡγεῖσθαι
988 3252 1075 3321 τοὺς
1111 3252 1300 3335 ἐπήλυδας
1338 3259 1408 3316 τῶν
1507 3280 1508 3317 ι

239 3352 487 3438 αὐτοχθόνων.

304 3473 356 3539 Ad
379 3473 434 3539 illa
457 3479 648 3557 argumenta
668 3472 801 3539 Fufettii
822 3474 937 3540 Tullus
952 3473 1127 3560 respondet
1141 3475 1230 3560 apud
1246 3476 1341 3542 Dion.
1358 3479 1408 3543 ΙΙΙ
1507 3472 1508 3545 ί

204 3612 206 3617 ,
243 3578 279 3643 ll
299 3577 454 3660 oratione,
478 3597 542 3660 qua
566 3578 698 3662 exponit
721 3577 904 3662 exemplum
921 3578 1167 3645 Atheniensium
1184 3599 1256 3646 sese
1279 3580 1407 3662 imitari,
1507 3594 1508 3597 ’

240 3681 294 3765 qui
316 3686 430 3764 gentes
452 3679 606 3747 finitimas
634 3680 666 3745 in
690 3681 801 3746 urbem
826 3701 919 3747 suam
941 3682 1084 3767 recipere
1107 3703 1170 3748 non
1193 3683 1407 3769 sprevissent:
1507 3678 1508 3697 ¹

304 3804 392 3885 ἡμεῖς
408 3801 464 3885 γάρ
481 3802 629 3864 τοσούτου
646 3802 757 3884 δέομεν
774 3802 973 3886 αἰσχύνεσθαι
989 3806 1117 3885 κοινὴν
1141 3803 1406 3875 ἀναδείξαντες

239 3908 302 3990 τήν
330 3904 433 3969 πόλιν
460 3906 523 3974 τοῖς
552 3904 762 3990 βουλομένοις,
795 3905 875 3967 ὥστε
903 3906 953 3968 καὶ
981 3906 1193 3988 σεμνυνόμεθα
1228 3908 1275 3970 ἐπὶ
1308 3907 1407 3992 τοότιρ

240 4011 369 4092 μάλιστα
397 4014 440 4091 τῷ
467 4006 557 4091 ἔργῳ,
587 4008 643 4071 οὐκ
662 4007 752 4071 ,αὐτοὶ
776 4011 830 4070 τοῦ
855 4009 948 4092 ζήλου
972 4012 1062 4073 τοῦδε
1086 4009 1242 4093 ἄρξαντες,
1266 4012 1349 4094 παρὰ
1373 4013 1407 4075 δὲ

239 4117 293 4195 της
317 4111 489 4194 Ἀθηναίων
517 4111 636 4180 πόλεως
665 4111 702 4172 τὸ
731 4112 969 4195 παράδειγμα
1000 4112 1143 4198 λαβόντες
1171 4163 1179 4178 .
1203 4161 1208 4173 .
1233 4137 1255 4177 .·
1286 4116 1405 4199 μεγάλη
1507 4188 1508 4205 χ

239 4214 269 4277 θ’
284 4217 371 4299 ήμῶν
394 4216 413 4298 ή
438 4213 522 4284 πόλις
547 4215 581 4277 ἐκ
606 4218 712 4298 μικρᾶς
737 4261 745 4278 .
767 4260 775 4276 .
798 4260 804 4275 .
828 4216 877 4278 διά
905 4217 1014 4300 ταύτην
1041 4218 1093 4300 τήν
1124 4219 1406 4303 φιλανθρωπίαν

239 4319 346 4401 γέγονε
368 4353 421 4383 -.

310 4491 330 4559 ¹)
350 4507 429 4560 quarn
448 4506 542 4543 rocon:
559 4489 718 4561 Dionysium
738 4507 771 4544 ex
788 4492 909 4545 Isocrate
929 4491 1077 4562 sumpsisse
1095 4491 1236 4545 verisimile
1254 4500 1303 4546 est
