<?xml version="1.0" encoding="UTF-8"?>
<!DOCTYPE html PUBLIC "-//W3C//DTD XHTML 1.0 Transitional//EN"
    "http://www.w3.org/TR/xhtml1/DTD/xhtml1-transitional.dtd">
<html xmlns="http://www.w3.org/1999/xhtml" xml:lang="en" lang="en">
 <head>
  <title>
</title>
<meta http-equiv="Content-Type" content="text/html;charset=utf-8" />
  <meta name='ocr-system' content='tesseract 3.04.00' />
  <meta name='ocr-capabilities' content='ocr_page ocr_carea ocr_par ocr_line ocrx_word'/>
</head>
<body>
  <div class='ocr_page' id='page_1' title='image "./dedionysiohalic00maetgoog_0041.png"; bbox 0 0 3034 4984; ppageno 0'>
   <div class='ocr_carea' id='block_1_1' title="bbox 686 436 729 501">
    <p class='ocr_par' dir='ltr' id='par_1_1' title="bbox 686 436 729 501">
     <span class='ocr_line' id='line_1_1' title="bbox 686 436 729 501; baseline 0 0"><span class='ocrx_word' id='word_1_1' title='bbox 686 436 729 501; x_wconf 79' lang='lat'><strong>33</strong></span> 
     </span>
    </p>
   </div>
   <div class='ocr_carea' id='block_1_2' title="bbox 119 604 1291 798">
    <p class='ocr_par' dir='ltr' id='par_1_2' title="bbox 119 604 1291 798">
     <span class='ocr_line' id='line_1_2' title="bbox 183 604 1291 695; baseline -0.009 -18"><span class='ocrx_word' id='word_1_2' title='bbox 183 612 273 677; x_wconf 83' lang='lat' dir='ltr'>Idem</span> <span class='ocrx_word' id='word_1_3' title='bbox 300 609 437 695; x_wconf 83' lang='lat' dir='ltr'>legimus</span> <span class='ocrx_word' id='word_1_4' title='bbox 464 612 497 676; x_wconf 93' lang='lat' dir='ltr'><strong>in</strong></span> <span class='ocrx_word' id='word_1_5' title='bbox 525 608 728 693; x_wconf 78' lang='lat' dir='ltr'>Panegyrico</span> <span class='ocrx_word' id='word_1_6' title='bbox 757 606 813 672; x_wconf 75' lang='lat'><strong>29:</strong></span> <span class='ocrx_word' id='word_1_7' title='bbox 850 607 947 677; x_wconf 66' lang='lat' dir='ltr'>otim&lt;</span> <span class='ocrx_word' id='word_1_8' title='bbox 977 608 996 689; x_wconf 81' lang='grc' dir='ltr'><strong>ή</strong></span> <span class='ocrx_word' id='word_1_9' title='bbox 1026 607 1110 677; x_wconf 80' lang='grc' dir='ltr'><strong>πόλις</strong></span> <span class='ocrx_word' id='word_1_10' title='bbox 1140 608 1227 690; x_wconf 81' lang='grc' dir='ltr'><strong>ήμῶν</strong></span> <span class='ocrx_word' id='word_1_11' title='bbox 1255 604 1291 668; x_wconf 81' lang='grc' dir='ltr'><strong>οδ</strong></span> 
     </span>
     <span class='ocr_line' id='line_1_3' title="bbox 119 710 1291 798; baseline -0.005 -20"><span class='ocrx_word' id='word_1_12' title='bbox 119 714 211 796; x_wconf 91' lang='grc' dir='ltr'><strong>μύνον</strong></span> <span class='ocrx_word' id='word_1_13' title='bbox 225 716 381 798; x_wconf 76' lang='grc' dir='ltr'>θεοφιλῶς</span> <span class='ocrx_word' id='word_1_14' title='bbox 399 713 544 775; x_wconf 84' lang='grc' dir='ltr'><strong>ἀλλὰκαὶ</strong></span> <span class='ocrx_word' id='word_1_15' title='bbox 568 710 849 796; x_wconf 77' lang='grc' dir='ltr'>φιλανθρώπως</span> <span class='ocrx_word' id='word_1_16' title='bbox 874 710 978 796; x_wconf 80' lang='grc' dir='ltr'><strong>ἔσχεν,</strong></span> <span class='ocrx_word' id='word_1_17' title='bbox 1003 712 1085 773; x_wconf 81' lang='grc' dir='ltr'><strong>ὥστε</strong></span> <span class='ocrx_word' id='word_1_18' title='bbox 1101 711 1189 794; x_wconf 88' lang='grc' dir='ltr'><strong>κυρία</strong></span> <span class='ocrx_word' id='word_1_19' title='bbox 1205 733 1291 791; x_wconf 85' lang='grc' dir='ltr'><strong>γενο·</strong></span> 
     </span>
    </p>
   </div>
   <div class='ocr_carea' id='block_1_3' title="bbox 119 808 1409 902">
    <p class='ocr_par' dir='ltr' id='par_1_3' title="bbox 119 808 1409 902">
     <span class='ocr_line' id='line_1_4' title="bbox 119 808 1409 902; baseline -0.006 -21"><span class='ocrx_word' id='word_1_20' title='bbox 119 819 198 902; x_wconf 82' lang='grc' dir='ltr'><strong>μένή</strong></span> <span class='ocrx_word' id='word_1_21' title='bbox 220 818 376 882; x_wconf 78' lang='grc' dir='ltr'><strong>τοσούτων</strong></span> <span class='ocrx_word' id='word_1_22' title='bbox 400 817 524 899; x_wconf 83' lang='grc' dir='ltr'><strong>ἀγαδῶν</strong></span> <span class='ocrx_word' id='word_1_23' title='bbox 547 813 602 879; x_wconf 84' lang='grc' dir='ltr'><strong>οὐκ</strong></span> <span class='ocrx_word' id='word_1_24' title='bbox 627 813 781 900; x_wconf 79' lang='grc' dir='ltr'><strong>ἐφδύνήσε</strong></span> <span class='ocrx_word' id='word_1_25' title='bbox 804 817 866 883; x_wconf 82' lang='grc' dir='ltr'><strong>τοῖς</strong></span> <span class='ocrx_word' id='word_1_26' title='bbox 890 813 1008 889; x_wconf 84' lang='grc' dir='ltr'><strong>ἄλλοις,</strong></span> <span class='ocrx_word' id='word_1_27' title='bbox 1031 812 1100 876; x_wconf 82' lang='grc' dir='ltr'><strong>ἀλλ’</strong></span> <span class='ocrx_word' id='word_1_28' title='bbox 1116 813 1158 875; x_wconf 85' lang='grc' dir='ltr'><strong>ῶν</strong></span> <span class='ocrx_word' id='word_1_29' title='bbox 1181 811 1291 897; x_wconf 86' lang='grc' dir='ltr'><strong>ἔλαβεν</strong></span> <span class='ocrx_word' id='word_1_30' title='bbox 1405 808 1409 815; x_wconf 76' lang='grc'><em>’</em></span> 
     </span>
    </p>
   </div>
   <div class='ocr_carea' id='block_1_4' title="bbox 118 920 1293 2474">
    <p class='ocr_par' dir='ltr' id='par_1_4' title="bbox 118 920 482 1004">
     <span class='ocr_line' id='line_1_5' title="bbox 118 920 482 1004; baseline 0.003 -21"><span class='ocrx_word' id='word_1_31' title='bbox 118 920 233 986; x_wconf 79' lang='grc' dir='ltr'><strong>ἅπασι</strong></span> <span class='ocrx_word' id='word_1_32' title='bbox 256 922 482 1004; x_wconf 77' lang='grc' dir='ltr'><strong>μετέδωκεν.</strong></span> 
     </span>
    </p>

    <p class='ocr_par' dir='ltr' id='par_1_5' title="bbox 118 1034 1292 1230">
     <span class='ocr_line' id='line_1_6' title="bbox 186 1034 1292 1125; baseline -0.006 -17"><span class='ocrx_word' id='word_1_33' title='bbox 186 1041 270 1108; x_wconf 83' lang='lat' dir='ltr'>Illud</span> <span class='ocrx_word' id='word_1_34' title='bbox 303 1040 388 1125; x_wconf 89' lang='lat' dir='ltr'>quud</span> <span class='ocrx_word' id='word_1_35' title='bbox 424 1040 505 1107; x_wconf 83' lang='lat' dir='ltr'>uicit</span> <span class='ocrx_word' id='word_1_36' title='bbox 531 1039 646 1106; x_wconf 81' lang='lat' dir='ltr'>Tullus</span> <span class='ocrx_word' id='word_1_37' title='bbox 679 1039 913 1122; x_wconf 84' lang='grc' dir='ltr'><strong>παράδειγμα</strong></span> <span class='ocrx_word' id='word_1_38' title='bbox 941 1036 1186 1104; x_wconf 81' lang='lat' dir='ltr'>Atheniensium</span> <span class='ocrx_word' id='word_1_39' title='bbox 1219 1034 1292 1102; x_wconf 84' lang='lat' dir='ltr'>aliis</span> 
     </span>
     <span class='ocr_line' id='line_1_7' title="bbox 118 1141 872 1230; baseline -0.007 -19"><span class='ocrx_word' id='word_1_40' title='bbox 118 1165 248 1230; x_wconf 84' lang='lat' dir='ltr'>quoque</span> <span class='ocrx_word' id='word_1_41' title='bbox 271 1146 350 1212; x_wconf 86' lang='lat' dir='ltr'>locis</span> <span class='ocrx_word' id='word_1_42' title='bbox 373 1144 568 1230; x_wconf 79' lang='lat' dir='ltr'>Panegyrici</span> <span class='ocrx_word' id='word_1_43' title='bbox 590 1142 758 1229; x_wconf 89' lang='lat' dir='ltr'>reperitur,</span> <span class='ocrx_word' id='word_1_44' title='bbox 782 1141 872 1207; x_wconf 83' lang='lat' dir='ltr'>velut</span> 
     </span>
    </p>

    <p class='ocr_par' dir='ltr' id='par_1_6' title="bbox 119 1260 1292 1454">
     <span class='ocr_line' id='line_1_8' title="bbox 186 1260 1292 1347; baseline -0.011 -13"><span class='ocrx_word' id='word_1_45' title='bbox 186 1268 227 1334; x_wconf 84' lang='lat'><strong>39</strong></span> <span class='ocrx_word' id='word_1_46' title='bbox 245 1266 435 1333; x_wconf 67' lang='lat' dir='ltr'>concusseris</span> <span class='ocrx_word' id='word_1_47' title='bbox 451 1271 554 1329; x_wconf 86' lang='grc' dir='ltr'>κακῶν</span> <span class='ocrx_word' id='word_1_48' title='bbox 570 1262 682 1333; x_wconf 77' lang='grc' dir='ltr'><strong>αὐτούς</strong></span> <span class='ocrx_word' id='word_1_49' title='bbox 699 1263 867 1347; x_wconf 77' lang='grc' dir='ltr'><strong>ἀπήλλαξε,</strong></span> <span class='ocrx_word' id='word_1_50' title='bbox 882 1268 940 1325; x_wconf 89' lang='grc' dir='ltr'><strong>τῶν</strong></span> <span class='ocrx_word' id='word_1_51' title='bbox 957 1261 1012 1344; x_wconf 82' lang='grc' dir='ltr'><strong>μὲν</strong></span> <span class='ocrx_word' id='word_1_52' title='bbox 1027 1261 1115 1345; x_wconf 87' lang='grc' dir='ltr'><strong>κυρία</strong></span> <span class='ocrx_word' id='word_1_53' title='bbox 1131 1260 1292 1343; x_wconf 73' lang='grc' dir='ltr'><strong>γενομένη,</strong></span> 
     </span>
     <span class='ocr_line' id='line_1_9' title="bbox 119 1367 799 1454; baseline -0.009 -20"><span class='ocrx_word' id='word_1_54' title='bbox 119 1376 184 1442; x_wconf 87' lang='grc' dir='ltr'><strong>τοῖς</strong></span> <span class='ocrx_word' id='word_1_55' title='bbox 206 1371 234 1434; x_wconf 83' lang='grc' dir='ltr'><strong>δ’</strong></span> <span class='ocrx_word' id='word_1_56' title='bbox 250 1371 344 1454; x_wconf 84' lang='grc' dir='ltr'><strong>αύτήν</strong></span> <span class='ocrx_word' id='word_1_57' title='bbox 368 1371 609 1454; x_wconf 83' lang='grc' dir='ltr'><strong>παράδειγμα</strong></span> <span class='ocrx_word' id='word_1_58' title='bbox 632 1367 799 1450; x_wconf 89' lang='grc' dir='ltr'><strong>ποιήσασα,</strong></span> 
     </span>
    </p>

    <p class='ocr_par' dir='ltr' id='par_1_7' title="bbox 122 1485 1292 1681">
     <span class='ocr_line' id='line_1_10' title="bbox 185 1485 1292 1576; baseline -0.01 -19"><span class='ocrx_word' id='word_1_59' title='bbox 185 1492 224 1558; x_wconf 87' lang='grc'><strong>41</strong></span> <span class='ocrx_word' id='word_1_60' title='bbox 251 1490 327 1555; x_wconf 81' lang='grc' dir='ltr'><strong>εἶναι</strong></span> <span class='ocrx_word' id='word_1_61' title='bbox 342 1491 414 1576; x_wconf 88' lang='grc' dir='ltr'><strong>παρ’</strong></span> <span class='ocrx_word' id='word_1_62' title='bbox 429 1492 499 1573; x_wconf 83' lang='grc' dir='ltr'><strong>ήρῖν</strong></span> <span class='ocrx_word' id='word_1_63' title='bbox 515 1493 578 1559; x_wconf 88' lang='grc' dir='ltr'><strong>τοῖς</strong></span> <span class='ocrx_word' id='word_1_64' title='bbox 595 1489 650 1572; x_wconf 82' lang='grc' dir='ltr'><strong>μὲν</strong></span> <span class='ocrx_word' id='word_1_65' title='bbox 666 1487 792 1570; x_wconf 75' lang='grc' dir='ltr'><strong>ἡδίστας</strong></span> <span class='ocrx_word' id='word_1_66' title='bbox 809 1488 975 1572; x_wconf 81' lang='grc' dir='ltr'><strong>διατριβάς,</strong></span> <span class='ocrx_word' id='word_1_67' title='bbox 1001 1489 1064 1555; x_wconf 86' lang='grc' dir='ltr'><strong>τοῖς</strong></span> <span class='ocrx_word' id='word_1_68' title='bbox 1080 1486 1107 1547; x_wconf 88' lang='grc' dir='ltr'><strong>δ’</strong></span> <span class='ocrx_word' id='word_1_69' title='bbox 1125 1485 1292 1569; x_wconf 80' lang='grc' dir='ltr'><strong>ἀσφαλε-</strong></span> 
     </span>
     <span class='ocr_line' id='line_1_11' title="bbox 122 1592 705 1681; baseline -0.007 -22"><span class='ocrx_word' id='word_1_70' title='bbox 122 1599 259 1681; x_wconf 83' lang='grc' dir='ltr'><strong>στύτήν</strong></span> <span class='ocrx_word' id='word_1_71' title='bbox 281 1595 545 1679; x_wconf 72' lang='grc' dir='ltr'><strong>καταφυγήνῙ),</strong></span> <span class='ocrx_word' id='word_1_72' title='bbox 703 1592 705 1595; x_wconf 63' lang='grc'><em>’</em></span> 
     </span>
    </p>

    <p class='ocr_par' dir='ltr' id='par_1_8' title="bbox 121 1709 1293 1905">
     <span class='ocr_line' id='line_1_12' title="bbox 186 1709 1293 1799; baseline -0.013 -17"><span class='ocrx_word' id='word_1_73' title='bbox 186 1718 228 1783; x_wconf 84' lang='grc'><strong>52</strong></span> <span class='ocrx_word' id='word_1_74' title='bbox 262 1716 379 1780; x_wconf 78' lang='grc' dir='ltr'><strong>ἅπαντα</strong></span> <span class='ocrx_word' id='word_1_75' title='bbox 411 1715 467 1799; x_wconf 79' lang='grc' dir='ltr'><strong>γὰρ</strong></span> <span class='ocrx_word' id='word_1_76' title='bbox 499 1714 549 1777; x_wconf 90' lang='grc' dir='ltr'><strong>τδν</strong></span> <span class='ocrx_word' id='word_1_77' title='bbox 581 1712 689 1799; x_wconf 80' lang='grc' dir='ltr'><strong>χρόνον</strong></span> <span class='ocrx_word' id='word_1_78' title='bbox 718 1712 896 1777; x_wconf 75' lang='grc' dir='ltr'><strong>διετέλεσαν</strong></span> <span class='ocrx_word' id='word_1_79' title='bbox 929 1713 1056 1794; x_wconf 84' lang='grc' dir='ltr'><strong>κοινήν</strong></span> <span class='ocrx_word' id='word_1_80' title='bbox 1090 1712 1152 1794; x_wconf 84' lang='grc' dir='ltr'><strong>τήν</strong></span> <span class='ocrx_word' id='word_1_81' title='bbox 1186 1709 1293 1773; x_wconf 87' lang='grc' dir='ltr'><strong>πόλιν</strong></span> 
     </span>
     <span class='ocr_line' id='line_1_13' title="bbox 121 1821 320 1905; baseline 0.01 -23"><span class='ocrx_word' id='word_1_82' title='bbox 121 1821 320 1905; x_wconf 86' lang='grc' dir='ltr'><strong>παρέχοντες.</strong></span> 
     </span>
    </p>

    <p class='ocr_par' dir='ltr' id='par_1_9' title="bbox 186 1936 1086 2023">
     <span class='ocr_line' id='line_1_14' title="bbox 186 1936 1086 2023; baseline -0.007 -16"><span class='ocrx_word' id='word_1_83' title='bbox 186 1939 280 2019; x_wconf 85' lang='lat' dir='ltr'>Quod</span> <span class='ocrx_word' id='word_1_84' title='bbox 304 1939 383 2006; x_wconf 88' lang='lat' dir='ltr'>dicit</span> <span class='ocrx_word' id='word_1_85' title='bbox 405 1939 520 2006; x_wconf 79' lang='lat' dir='ltr'>Tullus</span> <span class='ocrx_word' id='word_1_86' title='bbox 543 1940 575 2005; x_wconf 94' lang='lat' dir='ltr'><strong>in</strong></span> <span class='ocrx_word' id='word_1_87' title='bbox 599 1937 713 2005; x_wconf 89' lang='lat' dir='ltr'>eodem</span> <span class='ocrx_word' id='word_1_88' title='bbox 737 1939 845 2023; x_wconf 81' lang='lat' dir='ltr'>cupite</span> <span class='ocrx_word' id='word_1_89' title='bbox 867 1938 966 2023; x_wconf 84' lang='lat' dir='ltr'>puulo</span> <span class='ocrx_word' id='word_1_90' title='bbox 988 1936 1086 2003; x_wconf 83' lang='lat' dir='ltr'>infru:</span> 
     </span>
    </p>

    <p class='ocr_par' dir='ltr' id='par_1_10' title="bbox 123 2056 1292 2353">
     <span class='ocr_line' id='line_1_15' title="bbox 186 2056 1292 2147; baseline -0.005 -23"><span class='ocrx_word' id='word_1_91' title='bbox 186 2060 493 2147; x_wconf 79' lang='grc' dir='ltr'><strong>φιλοτιμούμεθα</strong></span> <span class='ocrx_word' id='word_1_92' title='bbox 516 2061 572 2145; x_wconf 87' lang='grc' dir='ltr'><strong>γὰρ</strong></span> <span class='ocrx_word' id='word_1_93' title='bbox 598 2060 626 2123; x_wconf 81' lang='grc' dir='ltr'><strong>οἱ</strong></span> <span class='ocrx_word' id='word_1_94' title='bbox 641 2062 784 2143; x_wconf 87' lang='grc' dir='ltr'><strong>νειύτεροι</strong></span> <span class='ocrx_word' id='word_1_95' title='bbox 807 2061 880 2143; x_wconf 85' lang='grc' dir='ltr'><strong>πρὸς</strong></span> <span class='ocrx_word' id='word_1_96' title='bbox 903 2057 974 2128; x_wconf 82' lang='grc' dir='ltr'><strong>τούς</strong></span> <span class='ocrx_word' id='word_1_97' title='bbox 992 2056 1217 2144; x_wconf 81' lang='grc' dir='ltr'><strong>πρεσβυτέρους</strong></span> <span class='ocrx_word' id='word_1_98' title='bbox 1240 2056 1292 2119; x_wconf 87' lang='grc' dir='ltr'><strong>καὶ</strong></span> 
     </span>
     <span class='ocr_line' id='line_1_16' title="bbox 123 2159 1291 2249; baseline -0.007 -21"><span class='ocrx_word' id='word_1_99' title='bbox 123 2166 152 2227; x_wconf 86' lang='grc' dir='ltr'><strong>οἱ</strong></span> <span class='ocrx_word' id='word_1_100' title='bbox 174 2164 292 2228; x_wconf 86' lang='grc' dir='ltr'><strong>ἔποικοι</strong></span> <span class='ocrx_word' id='word_1_101' title='bbox 314 2166 388 2249; x_wconf 86' lang='grc' dir='ltr'><strong>πρὸς</strong></span> <span class='ocrx_word' id='word_1_102' title='bbox 411 2164 482 2234; x_wconf 78' lang='grc' dir='ltr'><strong>τοὺς</strong></span> <span class='ocrx_word' id='word_1_103' title='bbox 507 2163 799 2245; x_wconf 82' lang='grc' dir='ltr'><strong>ἐπικαλεσαμένους,</strong></span> <span class='ocrx_word' id='word_1_104' title='bbox 827 2161 981 2247; x_wconf 85' lang='grc' dir='ltr'><strong>πότεροι</strong></span> <span class='ocrx_word' id='word_1_105' title='bbox 1004 2159 1161 2223; x_wconf 82' lang='grc' dir='ltr'><strong>πλείονα</strong></span> <span class='ocrx_word' id='word_1_106' title='bbox 1183 2160 1291 2243; x_wconf 88' lang='grc' dir='ltr'><strong>ποιή·</strong></span> 
     </span>
     <span class='ocr_line' id='line_1_17' title="bbox 123 2266 599 2353; baseline -0.004 -22"><span class='ocrx_word' id='word_1_107' title='bbox 123 2291 234 2353; x_wconf 89' lang='grc' dir='ltr'><strong>σομεν</strong></span> <span class='ocrx_word' id='word_1_108' title='bbox 258 2269 296 2331; x_wconf 88' lang='grc' dir='ltr'><strong>τδ</strong></span> <span class='ocrx_word' id='word_1_109' title='bbox 320 2267 444 2332; x_wconf 92' lang='grc' dir='ltr'><strong>κοινδν</strong></span> <span class='ocrx_word' id='word_1_110' title='bbox 467 2266 599 2349; x_wconf 78' lang='grc' dir='ltr'><strong>ἀγαθοί,</strong></span> 
     </span>
    </p>

    <p class='ocr_par' dir='ltr' id='par_1_11' title="bbox 187 2386 1109 2474">
     <span class='ocr_line' id='line_1_18' title="bbox 187 2386 1109 2474; baseline -0.007 -18"><span class='ocrx_word' id='word_1_111' title='bbox 187 2391 348 2456; x_wconf 83' lang='lat' dir='ltr'>lsccrutes</span> <span class='ocrx_word' id='word_1_112' title='bbox 371 2408 498 2472; x_wconf 88' lang='lat' dir='ltr'>quoque</span> <span class='ocrx_word' id='word_1_113' title='bbox 520 2387 563 2454; x_wconf 91' lang='lat' dir='ltr'><strong>de</strong></span> <span class='ocrx_word' id='word_1_114' title='bbox 585 2386 839 2455; x_wconf 79' lang='lat' dir='ltr'>Atheniensibus</span> <span class='ocrx_word' id='word_1_115' title='bbox 862 2387 1033 2474; x_wconf 84' lang='lat' dir='ltr'>praedicat</span> <span class='ocrx_word' id='word_1_116' title='bbox 1055 2386 1109 2451; x_wconf 85' lang='lat'><strong>79:</strong></span> 
     </span>
    </p>
   </div>
   <div class='ocr_carea' id='block_1_5' title="bbox 122 2507 1291 2800">
    <p class='ocr_par' dir='ltr' id='par_1_12' title="bbox 122 2507 1291 2800">
     <span class='ocr_line' id='line_1_19' title="bbox 187 2507 1290 2595; baseline -0.005 -22"><span class='ocrx_word' id='word_1_117' title='bbox 187 2512 268 2575; x_wconf 85' lang='grc' dir='ltr'><strong>ούτιυ</strong></span> <span class='ocrx_word' id='word_1_118' title='bbox 291 2512 325 2573; x_wconf 83' lang='grc' dir='ltr'><strong>δὲ</strong></span> <span class='ocrx_word' id='word_1_119' title='bbox 341 2512 504 2578; x_wconf 84' lang='grc' dir='ltr'><strong>πολιτικῶς</strong></span> <span class='ocrx_word' id='word_1_120' title='bbox 528 2508 623 2595; x_wconf 81' lang='grc' dir='ltr'><strong>εἶχον,</strong></span> <span class='ocrx_word' id='word_1_121' title='bbox 648 2510 728 2572; x_wconf 85' lang='grc' dir='ltr'><strong>ὥστε</strong></span> <span class='ocrx_word' id='word_1_122' title='bbox 751 2510 802 2573; x_wconf 84' lang='grc' dir='ltr'><strong>καὶ</strong></span> <span class='ocrx_word' id='word_1_123' title='bbox 825 2510 889 2579; x_wconf 84' lang='grc' dir='ltr'><strong>τὰς</strong></span> <span class='ocrx_word' id='word_1_124' title='bbox 916 2509 1066 2576; x_wconf 83' lang='grc' dir='ltr'><strong>στάσεις</strong></span> <span class='ocrx_word' id='word_1_125' title='bbox 1091 2507 1290 2569; x_wconf 80' lang='grc' dir='ltr'><strong>ἐποιοῦντο</strong></span> 
     </span>
     <span class='ocr_line' id='line_1_20' title="bbox 123 2607 1291 2697; baseline -0.003 -22"><span class='ocrx_word' id='word_1_126' title='bbox 123 2614 196 2697; x_wconf 90' lang='grc' dir='ltr'><strong>πρδς</strong></span> <span class='ocrx_word' id='word_1_127' title='bbox 219 2614 374 2696; x_wconf 80' lang='grc' dir='ltr'><strong>ἀλλήλους</strong></span> <span class='ocrx_word' id='word_1_128' title='bbox 398 2661 407 2678; x_wconf 94' lang='grc'><strong>.</strong></span> <span class='ocrx_word' id='word_1_129' title='bbox 428 2659 435 2674; x_wconf 93' lang='grc'><strong>.</strong></span> <span class='ocrx_word' id='word_1_130' title='bbox 458 2657 480 2691; x_wconf 78' lang='grc'><strong>.,</strong></span> <span class='ocrx_word' id='word_1_131' title='bbox 505 2613 683 2696; x_wconf 82' lang='grc' dir='ltr'><strong>ὁπότεροι</strong></span> <span class='ocrx_word' id='word_1_132' title='bbox 706 2612 915 2697; x_wconf 72' lang='grc' dir='ltr'><strong>φθήσονται</strong></span> <span class='ocrx_word' id='word_1_133' title='bbox 938 2612 999 2694; x_wconf 85' lang='grc' dir='ltr'><strong>τήν</strong></span> <span class='ocrx_word' id='word_1_134' title='bbox 1022 2609 1126 2672; x_wconf 88' lang='grc' dir='ltr'><strong>πόλιν</strong></span> <span class='ocrx_word' id='word_1_135' title='bbox 1150 2607 1291 2690; x_wconf 82' lang='grc' dir='ltr'><strong>ἀγαθύν</strong></span> 
     </span>
     <span class='ocr_line' id='line_1_21' title="bbox 122 2718 418 2800; baseline 0.003 -23"><span class='ocrx_word' id='word_1_136' title='bbox 122 2739 156 2778; x_wconf 88' lang='grc' dir='ltr'><strong>τι</strong></span> <span class='ocrx_word' id='word_1_137' title='bbox 177 2718 418 2800; x_wconf 84' lang='grc' dir='ltr'><strong>ποιήσαντες.</strong></span> 
     </span>
    </p>
   </div>
   <div class='ocr_carea' id='block_1_6' title="bbox 123 2934 1292 3336">
    <p class='ocr_par' dir='ltr' id='par_1_13' title="bbox 123 2934 1292 3336">
     <span class='ocr_line' id='line_1_22' title="bbox 187 2934 1291 3025; baseline -0.004 -21"><span class='ocrx_word' id='word_1_138' title='bbox 187 2940 226 3005; x_wconf 85' lang='grc' dir='ltr'><strong>Ιυ</strong></span> <span class='ocrx_word' id='word_1_139' title='bbox 248 2938 472 3025; x_wconf 82' lang='lat' dir='ltr'>componenda</span> <span class='ocrx_word' id='word_1_140' title='bbox 494 2941 639 3008; x_wconf 72' lang='lat' dir='ltr'>cranone</span> <span class='ocrx_word' id='word_1_141' title='bbox 667 2939 758 3006; x_wconf 89' lang='lat' dir='ltr'>Bruti</span> <span class='ocrx_word' id='word_1_142' title='bbox 787 2940 838 3006; x_wconf 92' lang='lat' dir='ltr'><strong>1v</strong></span> <span class='ocrx_word' id='word_1_143' title='bbox 866 2939 1013 3007; x_wconf 81' lang='lat'>77—83</span> <span class='ocrx_word' id='word_1_144' title='bbox 1043 2937 1220 3022; x_wconf 86' lang='lat' dir='ltr'>Dionysius</span> <span class='ocrx_word' id='word_1_145' title='bbox 1247 2934 1291 3001; x_wconf 84' lang='lat' dir='ltr'><strong>ad</strong></span> 
     </span>
     <span class='ocr_line' id='line_1_23' title="bbox 123 3041 1291 3129; baseline -0.004 -19"><span class='ocrx_word' id='word_1_146' title='bbox 123 3064 195 3110; x_wconf 79' lang='lat' dir='ltr'><strong>enm</strong></span> <span class='ocrx_word' id='word_1_147' title='bbox 218 3042 372 3111; x_wconf 84' lang='lat' dir='ltr'>Isocratis</span> <span class='ocrx_word' id='word_1_148' title='bbox 394 3044 581 3127; x_wconf 71' lang='lat' dir='ltr'>cratonem,</span> <span class='ocrx_word' id='word_1_149' title='bbox 605 3063 691 3129; x_wconf 85' lang='lat' dir='ltr'>quae</span> <span class='ocrx_word' id='word_1_150' title='bbox 712 3044 898 3111; x_wconf 78' lang='lat' dir='ltr'>inscribitur</span> <span class='ocrx_word' id='word_1_151' title='bbox 921 3041 1194 3124; x_wconf 79' lang='lat' dir='ltr'>Archidemus,</span> <span class='ocrx_word' id='word_1_152' title='bbox 1218 3059 1291 3106; x_wconf 87' lang='lat' dir='ltr'>sese</span> 
     </span>
     <span class='ocr_line' id='line_1_24' title="bbox 123 3143 1292 3234; baseline -0.005 -20"><span class='ocrx_word' id='word_1_153' title='bbox 123 3148 310 3234; x_wconf 77' lang='lat' dir='ltr'>applicavit,</span> <span class='ocrx_word' id='word_1_154' title='bbox 343 3168 439 3231; x_wconf 85' lang='lat' dir='ltr'>quam</span> <span class='ocrx_word' id='word_1_155' title='bbox 467 3149 579 3232; x_wconf 83' lang='lat' dir='ltr'>quanti</span> <span class='ocrx_word' id='word_1_156' title='bbox 608 3147 730 3233; x_wconf 81' lang='lat' dir='ltr'>fecerit,</span> <span class='ocrx_word' id='word_1_157' title='bbox 753 3162 806 3213; x_wconf 79' lang='lat' dir='ltr'><strong>¹ex</strong></span> <span class='ocrx_word' id='word_1_158' title='bbox 834 3146 943 3213; x_wconf 86' lang='lat' dir='ltr'>libello</span> <span class='ocrx_word' id='word_1_159' title='bbox 972 3144 1042 3212; x_wconf 88' lang='lat' dir='ltr'>eius</span> <span class='ocrx_word' id='word_1_160' title='bbox 1074 3143 1116 3210; x_wconf 90' lang='lat' dir='ltr'><strong>de</strong></span> <span class='ocrx_word' id='word_1_161' title='bbox 1147 3146 1292 3211; x_wconf 77' lang='lat' dir='ltr'>Isocrate</span> 
     </span>
     <span class='ocr_line' id='line_1_25' title="bbox 124 3250 672 3336; baseline -0.002 -18"><span class='ocrx_word' id='word_1_162' title='bbox 124 3251 338 3336; x_wconf 82' lang='lat' dir='ltr'>cognoscitur,</span> <span class='ocrx_word' id='word_1_163' title='bbox 362 3251 417 3317; x_wconf 92' lang='lat' dir='ltr'><strong>ubi</strong></span> <span class='ocrx_word' id='word_1_164' title='bbox 441 3250 520 3318; x_wconf 87' lang='lat' dir='ltr'>dicit</span> <span class='ocrx_word' id='word_1_165' title='bbox 542 3271 613 3336; x_wconf 86' lang='lat' dir='ltr'>cap.</span> <span class='ocrx_word' id='word_1_166' title='bbox 637 3251 672 3317; x_wconf 78' lang='lat'><strong>9:</strong></span> 
     </span>
    </p>
   </div>
   <div class='ocr_carea' id='block_1_7' title="bbox 122 3369 1292 3991">
    <p class='ocr_par' dir='ltr' id='par_1_14' title="bbox 122 3369 1290 3664">
     <span class='ocr_line' id='line_1_26' title="bbox 185 3369 1290 3455; baseline -0.004 -21"><span class='ocrx_word' id='word_1_167' title='bbox 185 3373 229 3442; x_wconf 89' lang='grc' dir='ltr'><strong>τίς</strong></span> <span class='ocrx_word' id='word_1_168' title='bbox 254 3373 280 3434; x_wconf 80' lang='grc' dir='ltr'><strong>δ’</strong></span> <span class='ocrx_word' id='word_1_169' title='bbox 297 3370 333 3435; x_wconf 80' lang='grc' dir='ltr'><strong>ἂν</strong></span> <span class='ocrx_word' id='word_1_170' title='bbox 355 3375 497 3455; x_wconf 83' lang='grc' dir='ltr'><strong>μᾶλλον</strong></span> <span class='ocrx_word' id='word_1_171' title='bbox 519 3372 664 3435; x_wconf 84' lang='grc' dir='ltr'><strong>πείσειε</strong></span> <span class='ocrx_word' id='word_1_172' title='bbox 691 3374 743 3436; x_wconf 81' lang='grc' dir='ltr'><strong>καὶ</strong></span> <span class='ocrx_word' id='word_1_173' title='bbox 766 3371 850 3435; x_wconf 91' lang='grc' dir='ltr'><strong>πύλιν</strong></span> <span class='ocrx_word' id='word_1_174' title='bbox 873 3372 924 3434; x_wconf 88' lang='grc' dir='ltr'><strong>καὶ</strong></span> <span class='ocrx_word' id='word_1_175' title='bbox 948 3369 1060 3454; x_wconf 83' lang='grc' dir='ltr'><strong>ἄνδρας</strong></span> <span class='ocrx_word' id='word_1_176' title='bbox 1083 3373 1137 3432; x_wconf 85' lang='grc' dir='ltr'><strong>τού</strong></span> <span class='ocrx_word' id='word_1_177' title='bbox 1162 3370 1290 3453; x_wconf 81' lang='grc' dir='ltr'><strong>ῥήτορος</strong></span> 
     </span>
     <span class='ocr_line' id='line_1_27' title="bbox 122 3471 1290 3561; baseline -0.005 -23"><span class='ocrx_word' id='word_1_178' title='bbox 122 3478 269 3560; x_wconf 84' lang='grc' dir='ltr'><strong>πολλαχή</strong></span> <span class='ocrx_word' id='word_1_179' title='bbox 297 3476 352 3557; x_wconf 80' lang='grc' dir='ltr'><strong>μἐν</strong></span> <span class='ocrx_word' id='word_1_180' title='bbox 379 3477 429 3538; x_wconf 83' lang='grc' dir='ltr'><strong>καλ</strong></span> <span class='ocrx_word' id='word_1_181' title='bbox 456 3475 553 3561; x_wconf 82' lang='grc' dir='ltr'><strong>ἅλλγγ,</strong></span> <span class='ocrx_word' id='word_1_182' title='bbox 587 3478 718 3560; x_wconf 76' lang='grc' dir='ltr'><strong>μάλιστα</strong></span> <span class='ocrx_word' id='word_1_183' title='bbox 748 3474 775 3537; x_wconf 85' lang='grc' dir='ltr'><strong>δ’</strong></span> <span class='ocrx_word' id='word_1_184' title='bbox 797 3476 828 3538; x_wconf 83' lang='grc' dir='ltr'><strong>ἐν</strong></span> <span class='ocrx_word' id='word_1_185' title='bbox 856 3480 900 3557; x_wconf 76' lang='grc' dir='ltr'><strong>τῷ</strong></span> <span class='ocrx_word' id='word_1_186' title='bbox 927 3474 1002 3557; x_wconf 91' lang='grc' dir='ltr'><strong>πρδς</strong></span> <span class='ocrx_word' id='word_1_187' title='bbox 1031 3471 1290 3558; x_wconf 86' lang='grc' dir='ltr'><strong>Λακεδαιμονίους</strong></span> 
     </span>
     <span class='ocr_line' id='line_1_28' title="bbox 122 3578 1106 3664; baseline -0.004 -22"><span class='ocrx_word' id='word_1_188' title='bbox 122 3579 266 3664; x_wconf 87' lang='grc' dir='ltr'><strong>γραφέντι</strong></span> <span class='ocrx_word' id='word_1_189' title='bbox 289 3578 382 3663; x_wconf 84' lang='grc' dir='ltr'><strong>λύγιρ,</strong></span> <span class='ocrx_word' id='word_1_190' title='bbox 407 3578 440 3648; x_wconf 85' lang='grc' dir='ltr'><strong>ὃς</strong></span> <span class='ocrx_word' id='word_1_191' title='bbox 464 3580 661 3664; x_wconf 80' lang='grc' dir='ltr'><strong>ἐπιγράφεται</strong></span> <span class='ocrx_word' id='word_1_192' title='bbox 685 3581 741 3661; x_wconf 81' lang='grc' dir='ltr'><strong>μὲν</strong></span> <span class='ocrx_word' id='word_1_193' title='bbox 764 3578 994 3664; x_wconf 86' lang='grc' dir='ltr'><strong>Ἀρχίδαμος</strong></span> <span class='ocrx_word' id='word_1_194' title='bbox 1018 3627 1026 3642; x_wconf 81' lang='grc'><strong>.</strong></span> <span class='ocrx_word' id='word_1_195' title='bbox 1050 3624 1058 3641; x_wconf 86' lang='grc'><strong>.</strong></span> <span class='ocrx_word' id='word_1_196' title='bbox 1083 3600 1106 3659; x_wconf 78' lang='lat'><strong>,3</strong></span> 
     </span>
    </p>

    <p class='ocr_par' dir='ltr' id='par_1_15' title="bbox 123 3693 1292 3991">
     <span class='ocr_line' id='line_1_29' title="bbox 186 3693 1291 3784; baseline -0.011 -17"><span class='ocrx_word' id='word_1_197' title='bbox 186 3707 220 3767; x_wconf 80' lang='lat' dir='ltr'><strong>ct</strong></span> <span class='ocrx_word' id='word_1_198' title='bbox 241 3700 274 3766; x_wconf 88' lang='lat' dir='ltr'><strong>in</strong></span> <span class='ocrx_word' id='word_1_199' title='bbox 289 3698 353 3766; x_wconf 78' lang='lat' dir='ltr'><strong>fine</strong></span> <span class='ocrx_word' id='word_1_200' title='bbox 367 3698 513 3767; x_wconf 79' lang='lat' dir='ltr'>eiusdem</span> <span class='ocrx_word' id='word_1_201' title='bbox 527 3697 658 3784; x_wconf 82' lang='lat' dir='ltr'>capitis:</span> <span class='ocrx_word' id='word_1_202' title='bbox 682 3703 778 3761; x_wconf 82' lang='grc' dir='ltr'><strong>ταῦτα</strong></span> <span class='ocrx_word' id='word_1_203' title='bbox 793 3700 849 3782; x_wconf 76' lang='grc' dir='ltr'><strong>γὰρ</strong></span> <span class='ocrx_word' id='word_1_204' title='bbox 867 3697 903 3760; x_wconf 86' lang='grc' dir='ltr'><strong>ού</strong></span> <span class='ocrx_word' id='word_1_205' title='bbox 920 3697 1173 3777; x_wconf 85' lang='grc' dir='ltr'><strong>Λακεδαιμονίοις</strong></span> <span class='ocrx_word' id='word_1_206' title='bbox 1189 3693 1291 3778; x_wconf 91' lang='grc' dir='ltr'><strong>μύνοις</strong></span> 
     </span>
     <span class='ocr_line' id='line_1_30' title="bbox 123 3794 1292 3890; baseline -0.009 -22"><span class='ocrx_word' id='word_1_207' title='bbox 123 3803 343 3890; x_wconf 76' lang='grc' dir='ltr'><strong>συμβουλεύειν</strong></span> <span class='ocrx_word' id='word_1_208' title='bbox 366 3802 458 3887; x_wconf 79' lang='grc' dir='ltr'><strong>φαίην</strong></span> <span class='ocrx_word' id='word_1_209' title='bbox 482 3802 517 3866; x_wconf 80' lang='grc' dir='ltr'><strong>ἂν</strong></span> <span class='ocrx_word' id='word_1_210' title='bbox 540 3802 628 3866; x_wconf 86' lang='grc' dir='ltr'><strong>αύτδν</strong></span> <span class='ocrx_word' id='word_1_211' title='bbox 652 3799 761 3884; x_wconf 84' lang='grc' dir='ltr'><strong>ἔγωγε,</strong></span> <span class='ocrx_word' id='word_1_212' title='bbox 785 3800 864 3864; x_wconf 78' lang='grc' dir='ltr'><strong>ἀλλὰ</strong></span> <span class='ocrx_word' id='word_1_213' title='bbox 887 3802 938 3864; x_wconf 87' lang='grc' dir='ltr'><strong>καὶ</strong></span> <span class='ocrx_word' id='word_1_214' title='bbox 958 3804 1021 3869; x_wconf 87' lang='grc' dir='ltr'><strong>τοῖς</strong></span> <span class='ocrx_word' id='word_1_215' title='bbox 1038 3797 1143 3868; x_wconf 78' lang='grc' dir='ltr'><strong>ἄλλοις</strong></span> <span class='ocrx_word' id='word_1_216' title='bbox 1159 3794 1292 3880; x_wconf 76' lang='grc' dir='ltr'><strong>Ἕλλησι</strong></span> 
     </span>
     <span class='ocr_line' id='line_1_31' title="bbox 123 3903 1248 3991; baseline -0.005 -21"><span class='ocrx_word' id='word_1_217' title='bbox 123 3909 173 3970; x_wconf 84' lang='grc' dir='ltr'><strong>καλ</strong></span> <span class='ocrx_word' id='word_1_218' title='bbox 195 3911 284 3970; x_wconf 84' lang='grc' dir='ltr'><strong>πᾶσιν</strong></span> <span class='ocrx_word' id='word_1_219' title='bbox 307 3908 478 3990; x_wconf 76' lang='grc' dir='ltr'><strong>ἀνθρώποις</strong></span> <span class='ocrx_word' id='word_1_220' title='bbox 501 3909 608 3991; x_wconf 74' lang='grc' dir='ltr'><strong>πολλιγῖ</strong></span> <span class='ocrx_word' id='word_1_221' title='bbox 630 3912 803 3988; x_wconf 82' lang='grc' dir='ltr'><strong>κρεῖττον</strong></span> <span class='ocrx_word' id='word_1_222' title='bbox 826 3905 996 3968; x_wconf 81' lang='grc' dir='ltr'><strong>ἁπάντων</strong></span> <span class='ocrx_word' id='word_1_223' title='bbox 1020 3903 1248 3987; x_wconf 84' lang='grc' dir='ltr'><strong>φιλοσύφιον.</strong></span> 
     </span>
    </p>
   </div>
   <div class='ocr_carea' id='block_1_8' title="bbox 124 4020 1292 4215">
    <p class='ocr_par' dir='ltr' id='par_1_16' title="bbox 124 4020 1292 4215">
     <span class='ocr_line' id='line_1_32' title="bbox 188 4020 1292 4112; baseline -0.007 -19"><span class='ocrx_word' id='word_1_224' title='bbox 188 4030 257 4095; x_wconf 78' lang='lat' dir='ltr'><strong>lam</strong></span> <span class='ocrx_word' id='word_1_225' title='bbox 283 4027 445 4094; x_wconf 82' lang='lat' dir='ltr'>orationes</span> <span class='ocrx_word' id='word_1_226' title='bbox 475 4027 564 4112; x_wconf 83' lang='lat' dir='ltr'>ipsas</span> <span class='ocrx_word' id='word_1_227' title='bbox 592 4024 855 4111; x_wconf 76' lang='lat' dir='ltr'>contemplemur.</span> <span class='ocrx_word' id='word_1_228' title='bbox 906 4026 947 4091; x_wconf 80' lang='lat' dir='ltr'><strong>llt</strong></span> <span class='ocrx_word' id='word_1_229' title='bbox 973 4026 1094 4092; x_wconf 89' lang='lat' dir='ltr'>Brutus</span> <span class='ocrx_word' id='word_1_230' title='bbox 1121 4030 1154 4089; x_wconf 89' lang='lat' dir='ltr'><strong>et</strong></span> <span class='ocrx_word' id='word_1_231' title='bbox 1181 4020 1292 4088; x_wconf 79' lang='lat' dir='ltr'>Archi·</span> 
     </span>
     <span class='ocr_line' id='line_1_33' title="bbox 124 4130 751 4215; baseline -0.003 -18"><span class='ocrx_word' id='word_1_232' title='bbox 124 4131 239 4199; x_wconf 77' lang='lat' dir='ltr'>demus</span> <span class='ocrx_word' id='word_1_233' title='bbox 262 4132 388 4197; x_wconf 89' lang='lat' dir='ltr'>initium</span> <span class='ocrx_word' id='word_1_234' title='bbox 411 4130 534 4197; x_wconf 83' lang='lat' dir='ltr'>faciunt</span> <span class='ocrx_word' id='word_1_235' title='bbox 556 4151 577 4197; x_wconf 84' lang='lat' dir='ltr'><strong>a</strong></span> <span class='ocrx_word' id='word_1_236' title='bbox 599 4149 635 4196; x_wconf 84' lang='lat' dir='ltr'><strong>sc</strong></span> <span class='ocrx_word' id='word_1_237' title='bbox 657 4130 751 4215; x_wconf 86' lang='lat' dir='ltr'>ipsis:</span> 
     </span>
    </p>
   </div>
   <div class='ocr_carea' id='block_1_9' title="bbox 188 4251 1290 4338">
    <p class='ocr_par' dir='ltr' id='par_1_17' title="bbox 188 4251 1290 4338">
     <span class='ocr_line' id='line_1_34' title="bbox 188 4251 1290 4338; baseline -0.011 -19"><span class='ocrx_word' id='word_1_238' title='bbox 188 4253 283 4319; x_wconf 88' lang='lat' dir='ltr'>Dion.</span> <span class='ocrx_word' id='word_1_239' title='bbox 300 4252 344 4317; x_wconf 88' lang='lat' dir='ltr'><strong>lv</strong></span> <span class='ocrx_word' id='word_1_240' title='bbox 360 4251 402 4317; x_wconf 83' lang='grc'><strong>77</strong></span> <span class='ocrx_word' id='word_1_241' title='bbox 425 4254 507 4337; x_wconf 80' lang='grc' dir='ltr'><strong>περὶ</strong></span> <span class='ocrx_word' id='word_1_242' title='bbox 530 4252 696 4334; x_wconf 77' lang='grc' dir='ltr'><strong>ἐμαυτοῦ</strong></span> <span class='ocrx_word' id='word_1_243' title='bbox 717 4257 835 4334; x_wconf 88' lang='grc' dir='ltr'><strong>πρῶτον</strong></span> <span class='ocrx_word' id='word_1_244' title='bbox 852 4251 938 4335; x_wconf 85' lang='grc' dir='ltr'><strong>δλίγα</strong></span> <span class='ocrx_word' id='word_1_245' title='bbox 957 4251 1107 4338; x_wconf 89' lang='grc' dir='ltr'><strong>βούλομαι</strong></span> <span class='ocrx_word' id='word_1_246' title='bbox 1125 4252 1290 4331; x_wconf 83' lang='grc' dir='ltr'><strong>προειπεῖν,</strong></span> 
     </span>
    </p>
   </div>
   <div class='ocr_carea' id='block_1_10' title="bbox 125 4400 324 4409">
    <p class='ocr_par' dir='ltr' id='par_1_18' title="bbox 125 4400 324 4409">
     <span class='ocr_line' id='line_1_35' title="bbox 125 4400 324 4409; baseline -0.025 0"><span class='ocrx_word' id='word_1_247' title='bbox 125 4400 296 4409; x_wconf 73' lang='lat'>-.——-..-.</span> <span class='ocrx_word' id='word_1_248' title='bbox 318 4400 324 4405; x_wconf 86' lang='lat'>.</span> 
     </span>
    </p>
   </div>
   <div class='ocr_carea' id='block_1_11' title="bbox 122 4474 1293 4639">
    <p class='ocr_par' dir='ltr' id='par_1_19' title="bbox 122 4474 1293 4639">
     <span class='ocr_line' id='line_1_36' title="bbox 194 4474 1293 4554; baseline -0.001 -21"><span class='ocrx_word' id='word_1_249' title='bbox 194 4484 214 4550; x_wconf 88' lang='lat'><strong>¹)</strong></span> <span class='ocrx_word' id='word_1_250' title='bbox 233 4499 347 4553; x_wconf 84' lang='lat' dir='ltr'>quocum</span> <span class='ocrx_word' id='word_1_251' title='bbox 360 4482 439 4535; x_wconf 73' lang='lat' dir='ltr'>etiarn</span> <span class='ocrx_word' id='word_1_252' title='bbox 452 4481 567 4535; x_wconf 83' lang='lat' dir='ltr'>conferri</span> <span class='ocrx_word' id='word_1_253' title='bbox 582 4494 672 4554; x_wconf 87' lang='lat' dir='ltr'>potest</span> <span class='ocrx_word' id='word_1_254' title='bbox 689 4484 768 4536; x_wconf 85' lang='lat' dir='ltr'>Dion.</span> <span class='ocrx_word' id='word_1_255' title='bbox 785 4482 822 4536; x_wconf 86' lang='lat' dir='ltr'><strong>Vl</strong></span> <span class='ocrx_word' id='word_1_256' title='bbox 840 4486 874 4541; x_wconf 81' lang='lat'><strong>55</strong></span> <span class='ocrx_word' id='word_1_257' title='bbox 893 4476 972 4535; x_wconf 82' lang='grc' dir='ltr'><strong>πόλιν</strong></span> <span class='ocrx_word' id='word_1_258' title='bbox 991 4497 1019 4533; x_wconf 79' lang='grc' dir='ltr'><strong>τε</strong></span> <span class='ocrx_word' id='word_1_259' title='bbox 1039 4478 1088 4549; x_wconf 80' lang='grc' dir='ltr'><strong>τήν</strong></span> <span class='ocrx_word' id='word_1_260' title='bbox 1106 4476 1199 4535; x_wconf 75' lang='grc' dir='ltr'><strong>αὐτῶν</strong></span> <span class='ocrx_word' id='word_1_261' title='bbox 1217 4474 1293 4547; x_wconf 77' lang='grc' dir='ltr'><strong>ὑμῶν</strong></span> 
     </span>
     <span class='ocr_line' id='line_1_37' title="bbox 122 4561 1003 4639; baseline -0.001 -16"><span class='ocrx_word' id='word_1_262' title='bbox 122 4568 287 4637; x_wconf 69' lang='grc' dir='ltr'><strong>παρέχοντες</strong></span> <span class='ocrx_word' id='word_1_263' title='bbox 304 4561 391 4622; x_wconf 80' lang='grc' dir='ltr'><strong>ύιταυι</strong></span> <span class='ocrx_word' id='word_1_264' title='bbox 408 4575 466 4632; x_wconf 77' lang='grc' dir='ltr'><strong>τοῖς</strong></span> <span class='ocrx_word' id='word_1_265' title='bbox 483 4568 624 4638; x_wconf 79' lang='grc' dir='ltr'><strong>δεομένοις</strong></span> <span class='ocrx_word' id='word_1_266' title='bbox 642 4566 778 4639; x_wconf 81' lang='grc' dir='ltr'><strong>ύσφαλή</strong></span> <span class='ocrx_word' id='word_1_267' title='bbox 797 4570 973 4639; x_wconf 80' lang='grc' dir='ltr'><strong>καταφυγή</strong></span> <span class='ocrx_word' id='word_1_268' title='bbox 979 4587 1003 4622; x_wconf 70' lang='grc' dir='ltr'><strong>ν.</strong></span> 
     </span>
    </p>
   </div>
   <div class='ocr_carea' id='block_1_12' title="bbox 1074 4656 1091 4712">
    <p class='ocr_par' dir='ltr' id='par_1_20' title="bbox 1074 4656 1091 4712">
     <span class='ocr_line' id='line_1_38' title="bbox 1074 4656 1091 4712; baseline 0 0"><span class='ocrx_word' id='word_1_269' title='bbox 1074 4656 1091 4712; x_wconf 78' lang='grc'>3</span> 
     </span>
    </p>
   </div>
   <div class='ocr_carea' id='block_1_13' title="bbox 0 0 1526 4984">
    <p class='ocr_par' dir='ltr' id='par_1_21' title="bbox 0 0 1526 4984">
     <span class='ocr_line' id='line_1_39' title="bbox 0 0 1526 4984; baseline 0 0"><span class='ocrx_word' id='word_1_270' title='bbox 0 0 1526 4984; x_wconf 95' lang='lat' dir='ltr'><strong> </strong></span> 
     </span>
    </p>
   </div>
  </div>
 </body>
</html>
