3034 4984
805 332 844 398 10

301 502 347 568 VI
375 501 417 568 86
452 504 470 585 ἡ
500 503 615 586 γαστὴρ
639 502 772 586 τρέφει
795 503 828 564 τδ
852 511 940 585 σῶμα
964 504 1178 587 τρεφομένη
1203 505 1253 567 καὶ
1283 504 1401 588 σῴζει

237 604 451 689 σῳζομένη,

302 716 346 782 VI
374 717 415 783 79
450 717 487 780 τά
515 717 570 802 μέν
603 717 842 803 κρατηθέντα
876 720 995 805 ἀτυχεῖ,
1030 719 1065 782 τὰ
1096 720 1132 783 δὲ
1164 722 1402 804 κρατήσαντα

237 820 344 900 ἀδικεῖ,
377 822 428 884 καὶ
454 821 586 904 περίεστι
614 823 676 891 τοῖς
705 823 760 905 μὲν
789 823 844 885 ὑπὸ
872 829 930 885 τῶν
960 825 1111 907 φιλτάτων
1146 821 1398 898 ἀπόλλυσθαι,

238 928 299 993 τοῖς
322 925 356 987 δὲ
380 924 417 987 τά
440 925 568 1007 φίλτατα
592 925 783 1003 διολέσαι,
1065 925 1068 929 ’

302 1044 346 1109 VI
368 1045 409 1110 73
434 1046 478 1108 ύτι
502 1045 557 1108 ούκ
581 1047 781 1110 ἀδικεῖσθε
805 1046 873 1109 ἀλλ’
890 1049 1067 1112 ἀδικεῖτε.

300 1164 498 1243 Quibuscum
514 1166 662 1234 conferas
677 1168 775 1234 Isoer.
793 1168 826 1233 11
845 1167 883 1234 16
905 1169 940 1252 ἣν
965 1168 1039 1252 μηθ’
1055 1170 1216 1256 ὑβρίζειν
1239 1171 1289 1232 τὸν
1306 1169 1399 1254 ὄχλον

235 1268 291 1353 ἐφῖς
315 1269 388 1352 μήθ’
405 1268 651 1355 ὑβριζόμενον
675 1275 834 1355 περιορᾷς,

299 1389 1400 1478 1147εύρυιδ’ἄντιςτοδςαύτοδςἢλοιδορούνταςῆλοιδοροο-
1489 1401 1491 1404 ’

264 1492 388 1568 ένους,

237 1518 257 1576 μ
299 1604 362 1670 XV
386 1606 426 1670 14
452 1605 541 1675 οὖτος
569 1608 625 1690 γὰρ
655 1606 746 1676 αὐτὸς
775 1607 1089 1690 συγγεγραμμένα
1117 1606 1214 1690 λέγων
1243 1609 1312 1692 περὶ
1343 1614 1401 1672 τῶν

236 1707 316 1788 ἐμῶν
340 1711 646 1792 συγγραμμάτιον.

299 1827 413 1895 Altera
435 1829 492 1895 illu
514 1829 629 1914 figura,
653 1850 750 1914 quam
770 1833 943 1916 παρηχησιν
959 1833 1119 1918 appellari
1135 1852 1234 1918 supra
1250 1830 1402 1917 diximus,

235 1952 393 2019 persaepe
422 1931 548 2000 duobus
576 1935 684 2001 verbis
711 1933 827 2000 eadem
857 1955 930 2000 eum
952 1935 1192 2022 praepositione
1214 1937 1402 2022 compositis

235 2036 319 2102 inter
342 2057 377 2103 se
401 2037 579 2104 coniunctis
602 2037 747 2120 efficitur,
772 2038 862 2104 velut
884 2037 973 2125 apud
997 2039 1188 2125 Dionysium

299 2158 350 2222 ΙΙΙ
369 2160 407 2223 10
422 2160 441 2241 ἡ
458 2161 485 2221 δ’
495 2159 627 2244 ὑμετέρα
643 2159 727 2230 πόλις
744 2159 969 2244 ἀδιακόσμητός
986 2159 1063 2222 ἐστιν
1080 2159 1125 2224 ἔτι
1140 2163 1192 2224 καὶ
1209 2162 1402 2244 ἀδιάτακτος,

300 2279 345 2343 IV
369 2280 409 2344 55
433 2280 478 2351 οἷς
503 2283 710 2366 συνετράφητε
733 2282 785 2344 καὶ
809 2279 1077 2363 συνεπαιδεύθητε,

299 2400 331 2464 Χ
353 2400 373 2464 6
397 2401 481 2464 εἰδὲ
505 2400 642 2486 συνῄδεις
667 2426 701 2466 τε
724 2403 775 2466 καὶ
799 2401 1010 2485 συνέπραττες,

299 2521 331 2585 Χ
356 2522 394 2586 10
418 2523 468 2585 καὶ
492 2524 651 2608 συντρέχει
674 2547 707 2586 τε
729 2524 784 2587 καί
805 2520 937 2607 συνφῖδει,

300 2640 361 2706 VII
385 2643 425 2707 56
448 2643 498 2705 τδν
522 2643 707 2730 βουλόμενον
729 2648 881 2706 συννοσεῖν
905 2644 955 2706 καὶ
979 2645 1158 2725 συναδικεῖν,

301 2763 362 2829 VII
385 2762 425 2828 23
450 2766 672 2849 παρασπονδεῖν
694 2767 745 2828 καὶ
768 2769 966 2850 παρανομεῖν,

301 2883 363 2949 Vll
386 2884 428 2949 46
452 2885 480 2946 οἱ
502 2886 736 2970 παραψύχοντες
760 2888 810 2949 καὶ
833 2887 1110 2970 παρακροτοῦντες,

300 3004 348 3069 ΧΙ
375 3005 412 3070 16
436 3006 500 3068 ἀντὶ
523 3009 576 3069 τοῦ
600 3010 787 3089 παρακαλεῖν
810 3008 860 3069 καὶ
884 3010 1041 3090 παρορμᾶν
1064 3005 1134 3075 τους
1158 3004 1257 3088 νέους,

299 3125 344 3189 VI
367 3126 408 3190 62
432 3127 551 3212 διαχέει
574 3127 624 3191 καὶ
647 3127 795 3202 διαλύσει,

301 3246 362 3310 VII
385 3247 426 3311 36
449 3253 504 3331 τῆς
528 3249 561 3311 δὲ
584 3252 637 3311 τού
662 3247 746 3311 σι’του
768 3250 961 3333 διαπράσειος
984 3271 1017 3311 τε
1040 3249 1091 3311 καὶ
1115 3248 1298 3329 διαθέσεως,

300 3368 345 3432 VI
368 3368 409 3433 53
433 3371 448 3431 ύ
472 3369 499 3431 δ’
512 3370 674 3452 ἐπίκλητος
698 3369 726 3453 γ’
739 3371 844 3433 οὑτοσὶ
867 3372 918 3433 καὶ
941 3369 1103 3451 ἐπίσκηνος
1127 3367 1232 3454 ύχλος,

300 3488 428 3555 111138
451 3488 512 3552 οὔτ’
536 3490 692 3574 ἐπέκρινεν
716 3489 780 3553 οὔτ’
804 3491 1003 3573 ἐπεψήφισεν.

300 3608 394 3687 Quod
418 3610 516 3676 etium
538 3611 700 3677 invenitur
722 3609 811 3698 apud
834 3611 1010 3677 Isocratem

299 3730 332 3794 II
356 3732 375 3795 3
399 3735 460 3801 τοῖς
485 3733 519 3795 δὲ
543 3732 643 3816 φίλοις
667 3732 826 3816 ἐπιπλῆξαι
850 3734 900 3794 καὶ
923 3737 985 3802 τοῖς
1009 3734 1134 3818 ἐχθροῖς
1161 3734 1333 3809 ἐπιθέσθαι,

299 3851 344 3916 IV
370 3850 409 3916 14
431 3856 602 3935 καταγελᾶν
625 3855 675 3917 καὶ
698 3856 911 3936 καταφρονεῖν,

299 3971 450 4056 [114ῖῆ
474 3975 570 4036 πάντα
593 3979 687 4037 ταῦτα
711 3974 869 4057 σονεῖεῡρε
893 3975 944 4036 καὶ
968 3975 1244 4057 συγκατεσκεύασε,

302 4094 361 4159 VII
385 4094 406 4157 4
428 4095 625 4158 συντέτακται
648 4097 699 4159 καὶ
722 4094 954 4170 συνακολουθεῖ,

299 4215 380 4280 VIII
402 4215 443 4281 87
468 4214 503 4299 ού
527 4217 794 4300 σομπενθήσοντες
816 4216 887 4286 τούς
911 4216 1083 4288 τεθνεῶτας
1107 4218 1186 4282 ἀλλά
1205 4222 1401 4305 συνηδόμενοι

235 4323 299 4390 ταῖς
323 4319 487 4405 ἡμετέραις
513 4325 693 4406 συμφοραῖς,

300 4440 333 4506 Χ
355 4440 396 4507 52
420 4441 503 4524 ύμιος
527 4440 639 4511 αύτούς
663 4442 899 4527 συνεξώρμησαν
922 4444 972 4506 καὶ
996 4444 1235 4530 συνεξέπεμψαν,

1512 3104 1514 3237 1

1513 3300 1514 3385 ι
