3034 4984
665 368 705 434 31

108 539 268 611 λωλότας
301 543 322 625 ἢ
357 545 422 623 τῆς
457 541 636 624 πατρίδος
672 538 957 623 στερουμένους
992 540 1011 623 ἦ
1046 538 1109 609 τὰς
1142 540 1271 610 οἰισίας

108 643 391 711 ἀπολωλεκότας
415 643 435 726 ἢ
458 642 559 726 ἄλλη
582 646 637 705 τινὶ
662 647 840 727 συμφορᾷ
862 642 1075 727 κεχρημένους
1100 644 1228 726 ἀδίκως;

168 766 260 831 Isocr.
284 765 334 829 Ill
356 763 398 830 32
428 763 501 847 πρός
531 788 564 827 τε
593 764 649 848 γὰρ
680 762 750 833 τοδς
779 764 902 832 πολίτας
927 763 1004 845 μετὰ
1027 762 1170 847 τοιαύτης
1193 788 1271 848 πρα-

108 866 208 949 ότητος
240 867 458 952 προσηνέχθην
493 867 573 930 ὥστε
607 869 685 951 μήτε
718 866 834 951 φυγὰς
870 868 947 951 μήτε
976 867 1165 936 θανάτους
1195 869 1270 951 μήτε

108 974 298 1054 χρημάτων
319 970 512 1056 ἀποβολάς
530 970 600 1054 μήτ’
615 970 734 1054 ἀλλην
751 970 903 1052 μηδεμίαν
918 970 1062 1053 τοιαύτην
1078 971 1270 1055 συμφορὰν

109 1072 162 1134 ἐπὶ
184 1079 243 1156 τῆς
266 1075 361 1158 ἐμῆς
385 1074 569 1157 γεγενῆσθαι
593 1073 802 1160 βασιλείας.

167 1194 290 1260 Deinde
324 1195 473 1261 omnibus
506 1195 704 1262 abstinuisse
733 1214 769 1260 se
796 1192 984 1259 libidinibus
1015 1202 1148 1277 uterque
1176 1194 1268 1262 dicit:

167 1315 257 1382 Dion.
283 1316 412 1401 ὕβρεις
436 1316 470 1378 δέ
495 1340 547 1397 μοι
570 1317 650 1385 τινὰς
675 1315 846 1378 συνοίδασιν
870 1316 911 1383 εἰς
936 1320 1110 1395 γυναῖκας
1134 1317 1269 1400 γαμετὰς

22 1442 23 1483 3
107 1418 413 1502 ι’γπροπηλακισμοίις
444 1421 487 1489 εἰς
516 1419 724 1502 θυγατέρας
752 1418 922 1502 παρθένους
946 1444 965 1503 η
990 1418 1086 1502 ἀλλην
1114 1421 1178 1484 τινοί
1201 1421 1270 1503 περὶ

21 1534 22 1581 i
109 1528 189 1603 σῶμα
212 1521 378 1606 ἐλεύθερον
403 1523 585 1606 ἀκυλασίαν;

21 1628 22 1635 ¹
165 1643 261 1708 [seer.
284 1643 326 1707 36
350 1644 440 1712 εἰδὼς
463 1643 520 1727 γὰρ
544 1643 679 1713 ἅπαντας
703 1642 883 1727 ἀνθρώπους
907 1646 975 1727 περὶ
998 1643 1139 1706 πλείστου
1163 1665 1267 1705 ποιου·

108 1743 208 1823 μένους
231 1746 303 1816 τοὺς
326 1748 463 1815 παῖδας
487 1746 558 1815 τοὺς
582 1749 682 1810 αὑτῶν
704 1748 756 1809 καὶ
780 1745 833 1815 τὰς
857 1752 1032 1826 γυναῖκας
1141 1745 1192 1809 καὶ
1215 1747 1267 1828 τὴν

108 1847 201 1933 ὕβριν
234 1852 288 1933 τὴν
317 1851 385 1934 περὶ
415 1853 513 1912 ταῦτα
542 1850 690 1932 μεγίστων
718 1856 821 1912 κακῶν
850 1849 946 1912 αἰτίαν
974 1849 1151 1932 γιγνομένην
1183 1896 1190 1910 .
1214 1898 1220 1913 .
1244 1894 1265 1928 .,

106 1952 195 2023 αότως
218 1952 332 2037 ἔφυγον
355 1952 409 2022 τὰς
433 1953 529 2021 αἰτίας
554 1954 677 2025 ταότας,
701 1952 775 2015 ὥστ’
799 2000 806 2015 .
829 2005 835 2016 .
857 2002 864 2018 .
888 1952 987 2018 οὐδενὶ
1009 1954 1186 2036 φανήσομαι
1210 1955 1267 2015 σῶ-

105 2078 168 2135 ματι
189 2058 409 2140 πεπλησιακῶς
432 2057 510 2138 πλὴν
534 2062 586 2140 της
611 2057 746 2137 ἐμαυτοῦ
770 2057 909 2137 γυναικός
934 2095 985 2122 -.

163 2176 308 2260 Denique
340 2176 413 2260 ipsa
445 2176 515 2240 vita
547 2196 607 2242 sua
641 2176 766 2243 nivibus
794 2178 978 2262 exemplum
1012 2196 1048 2243 se
1075 2177 1266 2262 praebuisse

103 2284 229 2365 uterque
252 2278 438 2365 praedient:

160 2401 255 2467 Dion.
289 2402 339 2463 καὶ
374 2401 465 2469 αὐτὸς
500 2399 690 2484 ἐξηταζόμην
724 2409 844 2486 πρῶτος
877 2401 921 2472 οἷς
956 2404 1052 2487 ὥρισα
1084 2401 1160 2465 κατὰ
1197 2409 1266 2465 τῶν

101 2500 218 2567 ἀλλων
242 2503 370 2572 δικαίοις
395 2504 498 2586 ῶσπερ
522 2504 676 2586 ἰδιώτης
698 2503 892 2586 πειθόμενος,

159 2625 257 2691 [socr.
280 2623 321 2689 38
345 2621 450 2686 ἔπειτα
473 2624 524 2687 καὶ
547 2625 711 2708 προσήκειν
735 2626 898 2710 ἡγησάμην
923 2627 1060 2710 τοσοότιμ
1085 2625 1155 2694 τοὺς
1179 2628 1263 2712 βασι-

99 2725 168 2796 λέας
193 2727 330 2812 βελτίους
356 2725 432 2790 εἶναι
455 2734 513 2790 τῶν
538 2729 708 2806 ἰδιωτῶν,
734 2728 797 2812 όσιμ
820 2753 876 2812 περ
898 2731 949 2793 καὶ
966 2728 1019 2798 τὰς
1036 2729 1124 2811 τιμὰς
1141 2728 1262 2812 μείζους

98 2827 193 2892 αὐτῶν
217 2830 336 2915 ἔχουσι,
359 2833 410 2894 καί
433 2831 516 2893 δεινὰ
540 2836 646 2906 ποιεῖν,
675 2831 741 2894 όσοι
765 2831 850 2901 τοὺς
876 2833 930 2915 μὲν
960 2831 1100 2900 ἄλλους
1128 2831 1263 2914 κοσμίως

99 2934 148 3015 ζῇν
171 2933 402 3015 ἀναγκάζουσιν,
426 2932 513 2997 αὐτοὶ
536 2936 563 2997 δ’
579 2933 691 3003 αὑτοὺς
716 2937 757 3017 μὴ
782 2933 1051 3018 σωφρονεστέρους
1079 2940 1138 2996 τῶν
1167 2936 1262 3018 ἀρχο-

17 3036 18 3039 ’
98 3035 193 3114 μένων
217 3035 413 3119 παρέχουσιν.

180 3156 418 3241 Απιιοπιίπαιίο,
443 3178 541 3243 qnam
563 3158 653 3244 apud
675 3159 864 3244 Dionysium
888 3160 919 3224 in
942 3157 1006 3223 fine
1029 3157 1123 3224 huius
1147 3159 1263 3244 eapitis

97 3256 246 3342 legimns:

157 3365 208 3425 καί
245 3363 383 3449 ἀρχειν
419 3365 583 3451 ἐπίσταμαι
620 3369 743 3436 καλῶς
783 3368 833 3429 καὶ
871 3365 1056 3449 ἄρχεσθαι
1099 3366 1263 3447 δόναμαι

99 3464 271 3546 σωφρόνως,

159 3575 269 3635 exstet
292 3569 391 3635 etism
413 3572 503 3655 apud
527 3573 703 3638 Isocratem
726 3571 783 3638 57:

157 3672 193 3753 ἦν
227 3671 284 3757 γάρ
312 3676 433 3743 καλῶς
464 3675 652 3759 ἄρχεσθαι
682 3678 816 3757 μάθωσι,
851 3676 971 3737 πολλῶν
1000 3675 1130 3760 ἄρχειν
1158 3679 1262 3759 δυνη-

100 3796 232 3839 σονται.

158 3945 376 4013 Oeleberrimn
398 3950 603 4034 maximeque
619 3949 765 4015 lectitata
781 3949 884 4016 oratio
901 3951 1054 4019 Isocratis
1077 3953 1146 4019 sine
1163 3954 1261 4022 dnbio

101 4068 137 4114 en
169 4057 249 4128 erat,
283 4071 367 4135 qnae
401 4053 584 4133 inscribitur
617 4053 905 4139 Panegyriens3
934 4057 1013 4139 qnid
1047 4056 1160 4122 mirum
1189 4079 1261 4125 eam

102 4151 251 4238 Dionysio
273 4155 421 4240 exemplo
444 4156 567 4224 fnisse?

158 4271 294 4340 Occasio
328 4276 398 4341 eins
431 4277 608 4344 imitandae
645 4278 800 4363 Dionysio
833 4279 883 4344 Ill
921 4280 1040 4345 10-11
1073 4281 1152 4348 data
1179 4290 1259 4367 erat,

103 4376 212 4441 ubi-
236 4384 272 4443 nt
298 4378 331 4443 in
360 4379 561 4466 Panegyrico
589 4382 671 4446 inter
699 4381 846 4448 Athenas
875 4391 907 4449 et
934 4383 1086 4472 Spartam
1114 4385 1261 4453 —inter

105 4478 255 4545 Romanos
278 4481 487 4567 Albanosque
510 4484 552 4551 de
576 4486 758 4570 prineipntn
783 4486 993 4574 disceptatur.
