3034 4984
664 359 706 426 29

167 533 263 601 Ιεοοῐ.
286 533 355 599 XII
377 532 440 597 260
463 533 565 601 δοκεῖς
588 533 644 615 γάρ
668 554 720 614 μοι
744 534 814 602 ζῶν
838 534 891 616 μὲν
914 532 1068 617 λήψεσθαι
1092 533 1180 603 δόξαν
1201 534 1270 601 ..“

103 638 338 722 τελευτήσας
362 638 396 699 δὲ
419 636 469 699 τὸν
493 635 557 721 βίον
581 634 721 718 μεθέξειν
745 633 913 706 ἀθανασίας
1020 642 1075 720 τῆς
1101 641 1165 706 τοῖς
1194 637 1272 700 ἐπι-

102 741 341 823 γιγνομένοις
359 740 443 824 ,περὶ
471 745 529 802 τῶν
558 737 770 820 διενεγκόντυνν
798 738 850 800 ἐπί
875 763 928 802 τινι
957 746 1016 802 τῶν
1043 744 1146 805 καλῶν
1174 740 1271 825 ἔργων

104 845 248 928 μνήμην
270 842 469 926 ἐμποιούσης.

168 965 260 1031 Dion.
268 965 319 1030 III
330 963 352 1030 9
364 969 439 1047 (quo
450 963 485 1028 in
496 962 605 1048 capite
615 962 681 1028 iam
694 963 876 1049 complures
885 964 973 1031 locos
985 966 1167 1032 lsoorateos
1180 973 1271 1033 nota·

103 1066 217 1149 vimus)
241 1067 311 1130 ἀλλ’
327 1067 379 1131 ἐὰν
401 1068 528 1136 κοινὰς
549 1067 742 1151 ἡγησώμεθα
757 1067 812 1138 τὰς
828 1070 970 1153 ἀλλήλων
987 1068 1104 1154 τύχας
1120 1107 1173 1152 -,
1190 1069 1272 1137 V19

15 1224 16 1227 ,
103 1171 224 1240 κοινὰς
243 1171 310 1254 ύμῖν
326 1170 525 1254 ποιησόμενοι
540 1170 594 1239 τὰς
614 1173 668 1232 τοῦ
690 1171 830 1254 πολέμου
852 1172 966 1258 τύχας
984 1180 1114 1258 sumpta
1135 1181 1210 1241 sunt
1229 1194 1271 1240 ex

166 1291 263 1359 [socr.
291 1292 338 1357 IV
365 1291 407 1358 55
435 1289 611 1375 ’Ἄδραστος
641 1338 649 1353 .
673 1343 679 1355 .
703 1339 710 1354 .
739 1293 793 1374 τὴν
821 1293 905 1357 πόλιν
934 1293 1024 1362 ἀξιοῦν
1053 1295 1176 1379 βοηθεῖν
1206 1300 1271 1365 ταῖς

103 1400 247 1465 κοιναῖς
277 1394 409 1480 τύχαις
432 1431 485 1468 -,
514 1394 546 1459 X
569 1395 611 1459 40
641 1392 726 1459 οὔπω
754 1396 789 1458 δὲ
818 1395 998 1481 κεκριμένου
1027 1401 1080 1459 τοῦ
1104 1399 1271 1480 μέλλοντος

104 1497 182 1582 σῦτή
205 1499 394 1582 συνοικήσειν
417 1497 487 1560 ἀλλ’
504 1497 548 1560 ἔτι
570 1502 699 1581 κοινῆς
722 1503 785 1581 τῆς
808 1499 926 1583 τύχης
951 1496 1076 1583 ούσης.

164 1620 215 1684 De
231 1618 310 1702 τύχη
327 1625 482 1703 tanquam
497 1618 539 1684 de
554 1617 627 1703 dea,
644 1637 728 1701 quae
741 1617 888 1686 homines
899 1618 1008 1704 ducat,
1022 1619 1164 1703 loquitur
1175 1621 1270 1688 Dion.

165 1739 194 1805 V
216 1739 258 1805 27
281 1738 385 1822 ἄπειμι
400 1741 452 1824 τήν
468 1739 624 1822 κρείττονα
646 1739 765 1825 τύχην
786 1745 841 1824 τής
857 1740 1000 1824 πατρίδος
1025 1741 1194 1825 ἡγεμόνα
1216 1749 1271 1826 της

104 1842 174 1905 όῦοῦ
202 1844 427 1926 ποιησάμενος,
465 1843 510 1908 VI
537 1844 579 1911 78
611 1842 700 1906 ποίαν
733 1843 900 1926 ἡγεμόνα
931 1848 985 1927 τῆς
1021 1844 1093 1907 όδοῦ
1124 1845 1271 1930 λαβόντας

103 1946 235 2030 τύχην;
268 1945 314 2011 VI
342 1948 384 2014 79
419 1946 581 2029 φεύγωμεν
616 1946 668 2009 ἀπ’
694 1946 794 2011 αὐτῶν
824 1947 951 2030 ἄσμενοι
980 1947 1094 2033 τύχην
1122 1951 1173 2012 καί
1199 1949 1271 2011 θεὸν

104 2048 184 2134 οἵπερ
208 2051 289 2133 ἡμᾶς
313 2048 461 2133 σῴζουσιν
483 2048 670 2132 ἡγεμόνας
693 2055 746 2133 της
772 2053 844 2113 όῦοῦ
867 2052 1082 2135 ποιησάμενοι,

164 2170 241 2236 item
257 2170 355 2238 Ιεοσῐ.
372 2170 400 2235 V
419 2169 479 2236 152
503 2170 629 2254 αίσχρθν
653 2168 705 2233 οῦν
723 2171 787 2233 ἐστὶ
803 2174 907 2240 καλῶς
930 2175 992 2255 τῆς
1017 2171 1134 2257 τύχης
1157 2174 1270 2256 ἡγου·

103 2273 214 2358 με’νης
238 2274 464 2358 ἀπολειφθῆναι
487 2275 537 2336 καὶ
561 2274 603 2355 μὴ
625 2278 796 2358 παρασχεῖν
820 2275 941 2349 σαυτὸν,
965 2275 1008 2345 είς
1032 2273 1048 2336 ὃ
1069 2275 1215 2360 βούλεταί
1235 2299 1271 2339 σε

101 2382 342 2461 προαγαγεῖν.
362 2433 368 2456 ,

166 2498 261 2565 Dion.
274 2497 321 2563 VI
334 2497 376 2563 52
392 2497 477 2560 τουτί
489 2499 547 2581 γάρ
565 2497 645 2560 ἐστιν
662 2497 677 2560 ὃ
694 2499 830 2561 πολλοὶ
846 2499 1030 2583 θρυλοῦσι
1045 2507 1104 2563 τῶν
1119 2500 1270 2563 ἐναντιον·

102 2600 198 2682 μένων
219 2606 265 2685 τιγῑ
287 2599 447 2685 δημοτικηῦ
469 2637 510 2648 -

164 2721 313 2789 conferas
341 2741 413 2787 cum
441 2720 539 2787 [socr.
568 2720 614 2786 IV
643 2720 685 2786 89
718 2724 785 2806 πρὶν
814 2721 919 2805 ἐξεῦρε
952 2724 1004 2786 καὶ
1033 2725 1270 2807 συνηνάγκασεν,

10 2846 11 2853 ’
101 2824 118 2888 ὃ
140 2829 273 2896 πάντες
296 2825 521 2909 θρυλοῦσιν,
543 2861 588 2872 -
609 2830 642 2889 et
663 2824 732 2890 XII
754 2825 817 2890 237
842 2827 870 2889 εἰ
893 2871 900 2886 .
926 2873 931 2884 .
957 2874 964 2890 .
988 2825 1026 2889 τὰ
1049 2825 1177 2910 μυθώδη
1201 2829 1270 2911 περὶ

101 2927 193 3012 αῦτής
217 2931 306 3014 ἐρεῖς,
330 2927 350 2990 ἃ
373 2929 509 2998 πάντες
531 2928 737 3012 θρυλοῦσιν
759 2966 813 2994 -.

166 3050 260 3129 Quod
284 3049 421 3132 legimus
444 3048 533 3133 apud
555 3049 652 3115 Dion.
677 3050 722 3115 VI
744 3051 787 3116 86
811 3051 944 3133 ἀλῆται
966 3052 1027 3113 καὶ
1048 3053 1207 3134 πτωχοί,

164 3172 264 3238 etiam
297 3169 386 3256 apud
415 3171 513 3236 Ιεοοτ.
541 3175 650 3235 exstat
683 3170 763 3236 XIV
791 3172 832 3236 46
867 3171 1003 3254 ἀλῆται
1036 3173 1096 3235 καὶ
1128 3174 1270 3256 πτωχοὶ

101 3273 305 3357 καθίσταμεν,
334 3275 566 3358 ἀποροῦντες
589 3273 658 3336 όποι
681 3277 882 3359 τραπώμεθα,
911 3294 1049 3360 quocum
1076 3273 1175 3341 etiam
1198 3295 1271 3341 con·

102 3376 174 3443 ferri
202 3384 311 3464 potest
337 3377 432 3443 Dion.
463 3377 479 3441 I
509 3376 551 3442 58
582 3377 721 3459 ἀλῆται
747 3378 982 3462 περιερχόμενοι
1010 3378 1129 3448 πύλειίις
1158 3403 1192 3442 τε
1220 3380 1272 3441 καὶ

102 3483 203 3566 χώρας
227 3482 259 3544 ἐν
282 3476 305 3565 ή
329 3482 363 3543 τὸ
386 3480 489 3543 λοιπόν
513 3480 678 3562 οἰκήσομεν
702 3481 853 3565 ἀπορίᾳ.

164 3618 259 3697 Quod
283 3618 395 3686 floribit
415 3617 510 3684 Dion.
528 3618 630 3685 VI68
653 3617 726 3680 οὐδὲ
748 3619 971 3700 καταλείψω
994 3621 1058 3702 τὴν
1082 3620 1183 3687 τοίΕιν
1206 3624 1270 3701 τής

102 3724 294 3792 πολιτείας
323 3724 402 3786 ἑκιύν
425 3759 466 3770 -
494 3729 527 3787 et
549 3721 612 3786 Vll
636 3722 677 3786 30
706 3722 756 3784 καὶ
786 3724 850 3805 τὴν
878 3720 981 3790 τάξιν
1011 3722 1179 3806 ἀνατρέψαι
1206 3726 1270 3805 τῆς

103 3828 259 3909 πατρίου
282 3825 479 3895 πολιτείας
502 3862 555 3903 -,

163 3946 207 4012 ad
223 3948 322 4015 Isocr.
339 3947 384 4013 Vl
400 3947 442 4012 93
465 3948 546 4009 ὥστε
562 3947 604 4027 μὴ
620 3942 833 4028 καταισχύνειν
849 3945 901 4027 τήν
924 3945 1009 4009 πόλιν
1033 3946 1112 4029 μηδὲ
1128 3947 1271 4030 περιιδεῖν

103 4051 165 4133 τὴν
185 4050 288 4120 τάξιν
311 4054 509 4127 λιποῦσαν,
535 4058 579 4120 εἰς
602 4050 638 4133 ήν
662 4048 690 4109 οἱ
712 4047 845 4132 πατίρες
869 4048 1062 4133 κατέστησαν
1085 4045 1179 4130 αὐτήν
1201 4085 1243 4095 -

163 4170 381 4237 revocandum
404 4190 477 4238 εσσε
493 4178 582 4256 puto,
599 4188 795 4254 quamquam
812 4167 963 4235 Flierlius
979 4169 1063 4236 hano
1079 4167 1271 4233 locutionem

104 4274 160 4341 οἱοὶ
183 4273 273 4361 apud
297 4274 549 4348 Demosthenem
572 4280 605 4339 et
627 4272 821 4359 Dionysium
844 4292 906 4339 non
930 4272 1066 4341 inveniri
1089 4269 1169 4337 dicit
1178 4275 1209 4345 ¹).

105 4424 297 4433 ----——.-·

151 4499 172 4566 ι)
191 4496 206 4548 λ
226 4515 249 4549 c.
268 4513 327 4568 pag.
346 4502 387 4557 39.
